2748 3834
946 439 1017 502 lvj
1113 449 1119 454 '
1371 457 1868 492 columna-Amos

942 550 1092 611 Quod
1131 551 1173 598 si
1212 558 1379 613 postea
1413 553 1684 599 Schowius
1715 568 1831 598 cum
1866 551 1957 598 illo
1994 557 2136 598 tanto
2164 566 2285 599 acu-

935 640 1095 697 mine,
1133 637 1278 699 quaie
1310 638 1360 683 in
1388 653 1580 700 papyro
1613 637 1855 700 Borgiana
1886 637 2162 695 illustrata,
2202 638 2284 684 in-

932 741 1030 786 que
1060 723 1321 787 Hesychio
1362 724 1543 786 Lipsiae
1578 741 1721 789 1792.
1756 727 1799 773 8.
1824 724 2087 773 emendato
2125 723 2284 771 decla-

930 811 1093 868 ravit,
1130 829 1299 860 curam
1334 812 1786 876 cogitationemque
1809 813 2028 877 aliquam
2060 813 2113 860 in
2148 819 2283 859 utra-

931 917 1030 964 que
1068 900 1300 964 Epitome
1335 901 1693 964 perpurganda
1716 903 1959 966 posuisset
1986 939 1999 961 ‚
2049 901 2281 948 omnino-

931 1006 1031 1053 que
1084 989 1367 1037 studiorum
1419 998 1708 1038 nostrorum
1761 991 2062 1054 perrexisset
2111 998 2281 1036 tenere

932 1077 1096 1137 viam,
1141 1075 1365 1139 profecto
1400 1077 1751 1146 Epitomarum
1778 1079 1979 1126 illarum
2004 1077 2280 1125 editionem

932 1163 1177 1211 conficere
1201 1165 1366 1227 potuit
1388 1171 1438 1211 et
1462 1165 1773 1214 emendatam
1801 1166 2046 1226 maxime,
2082 1172 2131 1213 et
2161 1180 2280 1213 cum

932 1250 1098 1299 cuivis
1113 1251 1405 1299 Graeearum
1422 1251 1682 1301 literarum
1706 1252 1955 1313 studiose,
1984 1261 2095 1300 tum
2121 1252 2279 1315 inpri-

935 1339 1033 1387 mis
1049 1340 1192 1387 nobis
1207 1339 1259 1387 iu
1274 1339 1367 1387 hac
1387 1356 1538 1403 opera
1554 1349 1723 1389 nostra
1734 1340 2033 1389 mirabiliter
2047 1339 2275 1404 (opinor)

933 1426 1266 1491 profuturam.
1300 1427 1398 1477 Sed
1433 1446 1489 1476 ea
1526 1430 1698 1479 omnia
1733 1428 1938 1490 (dicam
1971 1437 2029 1478 ut
2057 1446 2136 1477 res
2166 1430 2276 1486 est)

929 1517 1083 1581 paulo
1106 1517 1250 1568 aliter
1277 1516 1584 1567 ceciderunt.

739 1700 858 1782 ἓξὲξ·
1002 1695 1211 1746 XXVI.
1238 1696 1443 1747 Etenim
1460 1697 1731 1749 Schowius
1756 1705 1814 1748 ut
1841 1697 2099 1748 Havniam
2125 1713 2177 1744 se
2197 1712 2278 1744 re-

682 1799 912 1855 Epitomae-bbri
932 1783 1050 1833 tulit
1072 1820 1087 1846 ‚
1123 1803 1239 1834 cum
1268 1787 1482 1852 eximias
1516 1790 1623 1850 ejus
1644 1789 1862 1838 virtutes
1895 1788 2161 1852 populares
2197 1785 2279 1834 sui

684 1846 911 1927 ιῗοὲἶὲιῗὲῒιῗζ
932 1874 1328 1936 perspexissent,
1352 1890 1534 1936 magno
1557 1874 1671 1921 loco
1694 1874 1748 1921 in
1773 1891 1927 1938 regno
1946 1890 2058 1935 esse
2073 1908 2084 1930 ‚
2113 1873 2276 1936 pluri-

695 1939 894 1976 fragm-mum

763 1990 834 2019 mm
932 1962 1128 2023 misque
1148 1968 1196 2007 et
1214 1960 1580 2018 honestissimis
1595 1961 1893 2008 muneribus
1915 1960 1970 2007 in
1988 1976 2039 2006 se
2056 1959 2274 2018 collatis,

700 2038 739 2067 ‘³⁶
759 2041 891 2117 &55:¹⁶⁵
931 2049 1113 2112 scripta
1138 2066 1232 2096 sua
1251 2048 1531 2110 continere,
1566 2066 1779 2113 quaeque
1797 2050 1850 2098 in
1869 2048 2039 2096 animo
2060 2047 2275 2096 habebat

679 2137 906 2217 ’Ξεὶξξὲῒέῡ
929 2135 991 2183 de
1021 2138 1318 2198 antiquitate
1351 2136 1674 2198 illustranda,
1730 2155 1786 2185 ea
1815 2138 1871 2184 in
1901 2135 2039 2183 aliud
2075 2144 2274 2199 tempus

928 2222 1126 2271 differre
1150 2223 1314 2285 eoepit.
1347 2223 1416 2269 At
1444 2222 1646 2269 interim
1669 2224 1853 2287 Lipsiae
1883 2240 1950 2271 ex
1983 2223 2271 2286 apographo

925 2311 1030 2370 ejus
1058 2311 1112 2358 in
1134 2308 1336 2357 libraria
1363 2308 1705 2359 Weidmanni
1734 2327 1883 2359 cusus
1903 2311 2002 2374 jam
2029 2318 2134 2359 erat
2157 2318 2271 2360 tex-

922 2407 1003 2448 tus
1038 2400 1303 2462 utriusque
1334 2397 1607 2462 Epitomae,
1643 2400 1878 2462 adjuncto
1900 2401 1954 2449 in
1981 2400 2082 2448 fine
2108 2402 2269 2464 capite

921 2487 983 2536 de
1027 2489 1198 2536 Terrae
1236 2487 1482 2549 motibus,
1534 2493 1671 2536 Ταῦτα
1687 2494 1760 2552 μὲν
1780 2498 1828 2537 ἄν
1850 2511 1906 2542 τις
1928 2511 1966 2540 κ.
1999 2510 2035 2537 τ.
2059 2493 2098 2536 λ.
2127 2489 2267 2553 quod

919 2577 1106 2625 secund
1115 2593 1199 2624 um
1213 2593 1275 2624 ex
1291 2583 1510 2639 quatuor
1523 2574 1811 2641 fragmentis
1830 2579 1948 2627 libri
1966 2578 2027 2626 de
2041 2578 2266 2626 Ostentis

919 2682 1025 2712 esse
1050 2680 1154 2728 pag.
1171 2664 1282 2723 xliij
1299 2663 1642 2725 demonstravi
1662 2684 1672 2715 :
1690 2665 1938 2731 praefatio,
1961 2666 2268 2715 emendatio-

921 2769 1032 2815 nes,
1042 2761 1174 2802 notae
1186 2769 1252 2803 ex
1267 2751 1432 2801 Dauia
1444 2754 1818 2805 summittendae
1831 2772 2026 2804 summe
2037 2763 2266 2818 expecta-

2072 2844 2260 2893 bantur
