2748 3834
702 523 1074 557 nsirnnmcuz
1108 523 1374 556 nonnus
1406 525 1514 558 ιη.
1549 526 1610 558 11.
1698 526 1712 538 ⁹
1746 513 1840 562 105

471 596 764 666 praefeotum
805 596 931 642 aula:
968 598 990 659 (
1008 607 1165 659 quam
1201 609 1253 642 et
1281 601 1575 660 praetorium
1603 615 1733 671 supe
1754 620 1843 654 vo-

473 675 575 724 cari
591 670 1087 737 demonstravimus)
1111 688 1218 721 non
1241 672 1487 739 singulari
1510 684 1735 744 tansum,
1751 692 1841 734 ve.

472 772 590 806 rum
612 756 762 804 etiam
780 751 969 820 plurali
986 768 1204 802 numero
1218 763 1352 803 recte
1368 754 1725 822 adpellaveris(
1735 772 1840 814 non

473 835 613 883 enim
643 830 906 900 praefectus
939 832 1176 896 praetorio
1200 841 1402 881 tantum
1434 833 1681 902 dicitur),
1707 838 1842 889 vide·

472 914 590 963 licet
621 911 804 960 ducem
828 909 1246 976 praetorianorum
1263 945 1279 970 ‚
1307 912 1661 964 subintellecto
1676 952 1689 975 ‚
1707 918 1839 968 ordi·

473 1006 602 1040 num
623 1025 637 1050 ‚
675 987 756 1038 vel
792 986 1082 1037 cohortium
1101 1024 1116 1048 ,
1152 986 1233 1037 vel
1264 989 1579 1040 exercituum
1594 1028 1610 1053 ‚
1651 992 1730 1042 vel
1757 1014 1841 1047 1:0-

469 1069 688 1140 piarum.
1425 1092 1434 1115 -.
1475 1089 1479 1092 ·

541 1163 584 1214 7.
610 1149 792 1195 Causas
819 1143 1028 1212 quidem
1057 1144 1178 1194 tales
1205 1144 1344 1196 haud
1363 1147 1579 1200 absurde
1597 1150 1842 1201 adtuleris

471 1225 534 1276 de
553 1226 764 1275 nomine
779 1224 937 1287 hujus
961 1214 1306 1289 magistratus,
1340 1229 1433 1292 qui
1457 1231 1601 1293 quasi
1624 1246 1842 1281 oceanus

471 1302 925 1352 administrationis
942 1301 1232 1368 reipublicae
1251 1313 1349 1365 est,
1374 1320 1402 1352 e
1423 1321 1529 1371 quo
1546 1319 1727 1358 cuncta
1746 1309 1840 1359 flu·

472 1383 614 1431 mina
642 1382 903 1447 mariaque
927 1380 1206 1431 ducuntur.
1239 1382 1491 1434 scintillas
1524 1386 1662 1434 enim
1696 1389 1841 1452 quasi

471 1460 696 1526 ejusdem
717 1461 870 1526 ignis,
893 1459 1117 1526 reliquos
1136 1462 1351 1517 civitatis
1365 1464 1685 1530 magistratus
1703 1464 1841 1514 illius

470 1555 586 1588 vere
611 1539 929 1604 magistratus
949 1540 1464 1605 magistratuum‘esse
1484 1552 1636 1609 patet.
1666 1545 1841 1608 Neque

473 1617 610 1666 enim
631 1618 742 1663 sine
763 1611 851 1661 illo
875 1629 978 1662 esse
993 1630 1237 1685 ¹uuquam
1259 1612 1494 1681 possent}
1513 1619 1840 1686 quemadmo-

470 1694 596 1742 dum
635 1707 757 1741 vero
787 1692 914 1758 ipsi,
947 1692 1018 1742 sic
1054 1708 1149 1740 nec
1182 1693 1306 1758 ipsis
1342 1692 1558 1759 subjecti
1597 1709 1836 1765 tanquam

469 1773 674 1823 ordines
709 1772 920 1840 quidam
951 1773 1245 1838 congregari
1273 1783 1508 1839 possent,
1544 1776 1643 1824 nisi
1672 1778 1734 1826 iis
1761 1795 1842 1828 eo-

468 1868 690 1919 rumque
706 1850 988 1915 proepositis
1008 1858 1240 1896 sumtum
1267 1851 1560 1915 praefectura
1582 1854 1838 1920 praeberet.
1913 1876 1915 1878 ¹

388 1930 390 1933 ’
467 1931 591 1979 Nam
611 1924 1046 1993 quemadmodum
1063 1924 1248 1991 aliquis
1266 1941 1352 1975 vas
1370 1929 1673 1990 maximum,
1691 1949 1751 1980 ex
1765 1948 1839 1980 ar-

463 2013 618 2069 gento
644 2002 835 2050 factum
850 2035 864 2062 ‚
886 2018 996 2050 nou
1028 2018 1057 2049 a
1080 2018 1210 2062 sese,
1234 2003 1322 2051 sed
1344 2020 1377 2051 a·
1396 1994 1676 2067 majoribus
1700 2009 1854 2057 relicr

465 2091 578 2130 tum
599 2078 852 2148 possidet3
888 2078 1074 2128 deinde
1095 2079 1159 2128 ad
1185 2080 1537 2147 paupertatem
1579 2082 1813 2150 delapsus
1828 2123 1841 2146 ‚

464 2158 691 2208 dissolvit
708 2157 861 2219 illud,
879 2159 1024 2225 parvi
1040 2156 1228 2208 faciens
1242 2157 1534 2214 firmitatem
1550 2170 1600 2209 et
1613 2161 1842 2226 pulchri-

466 2238 733 2287 tudinem:
761 2237 924 2286 multa
959 2247 1131 2286 autem
1162 2248 1213 2285 et
1243 2237 1439 2304 fragilia
1475 2239 1744 2305 pocula'ex
1780 2258 1840 2290 eo

467 2317 762 2378 fabricatus,
793 2317 976 2367 vilium
1000 2316 1338 2366 multitudine
1366 2335 1522 2383 quam
1552 2335 1660 2373 uno
1685 2321 1842 2367 maxi-

467 2413 554 2446 mo
587 2406 638 2444 et
667 2398 882 2463 antiquo
917 2398 1077 2463 magis
1118 2395 1398 2462 gloriatur:
1434 2397 1507 2444 sic
1550 2397 1839 2447 intereunte

464 2475 686 2524 maximo
717 2476 1012 2541 magistratu
1044 2474 1259 2541 plurimi
1292 2485 1342 2523 et
1371 2474 1577 2523 fortasse
1605 2491 1838 2542 superva-

466 2555 551 2602 cui
571 2553 805 2620 prodiere
820 2590 834 2613 ‚
859 2554 1074 2601 minime
1092 2551 1289 2602 favente
1320 2551 1527 2601 fortuna
1543 2564 1701 2620 poetae
1716 2590 1728 2613 ‚
1764 2554 1837 2602 di-

469 2632 604 2679 centi
625 2650 637 2679 :
663 2649 770 2681 non
790 2631 927 2680 bona
945 2631 1230 2681 multorum
1254 2630 1561 2692 dominati03
1589 2648 1726 2679 unus
1751 2631 1836 2679 do·

468 2707 642 2756 minus
658 2710 736 2757 sit.
760 2711 884 2759 Nam
909 2712 1003 2776 qui
1035 2714 1276 2777 ςρατηὶάται
1305 2710 1325 2776 (
1345 2709 1531 2774 duces)
1559 2709 1808 2758 dicuntur
1823 2745 1835 2766 ‚

471 2786 714 2835 comitum
731 2787 977 2837 honorem
991 2825 1004 2848 ‚
1016 2805 1238 2854 eumque
1255 2788 1420 2836 solum
1433 2826 1445 2849 ‚
1456 2788 1519 2836 ab
1532 2787 1835 2852 antiquitate

470 2871 659 2912 tenent.
699 2865 830 2913 Hinc
859 2876 910 2914 et
942 2867 1402 2932 δευτερος-ρατηλατιανοὶ
1424 2865 1488 2913 ab
1510 2862 1735 2926 antiquis
1754 2876 1832 2907 co·

1582 2942 1639 2996 ¹4
