2748 3834
617 472 991 533 n‘inrunmcnz
1027 498 1300 532 nonnus
1334 500 1435 533 mn.
1470 502 1504 534 ι.
1685 484 1745 535 53

366 574 591 624 'historia
631 574 852 624 tradidit.
889 577 958 622 Ac
981 574 1165 623 deinde
1186 573 1326 623 velut
1351 575 1406 623 in
1439 575 1660 628 tenebris
1688 576 1745 626 li·

384 654 590 706 bertatis
613 666 803 704 nomen
829 651 1000 701 eluxit.

605 831 669 864 ΒΕ
701 826 981 863 consutam
1014 826 1213 869 EJUSQUB
1246 826 1526 862 malannum.

458 967 538 1017 30.
573 961 762 1022 Ῠπάτους
789 969 946 1016 Graeci
979 967 1192 1017 excelsos
1211 984 1522 1035 magnosque
1538 977 1750 1031 vomat,

389 1047 626 1112 neglecta-
642 1063 757 1094 vera
792 1049 1015 1096 nominis
1051 1046 1431 1113 significatione.
1468 1049 1670 1096 Etenim
1705 1052 1751 1097 τό

388 1123 569 1173 consul
593 1124 863 1186 Italorum,
890 1136 949 1174 ut
973 1142 1051 1174 res
1070 1127 1174 1192 ipsa
1199 1124 1295 1174 fert
1312 1163 1325 1186 ‚
1350 1143 1455 1174 non
1472 1125 1720 1174 excelsum
1738 1162 1753 1185 ,

390 1202 475 1250 sed
495 1213 763 1268 prytanem
785 1203 1047 1269 significat.
1062 1207 1285 1252 Consum
1309 1205 1446 1251 enim
1473 1202 1547 1250 illi
1572 1205 1754 1269 Neptu·
1798 1203 1802 1205 ’

392 1297 521 1347 num
535 1279 772 1329 dicebant
788 1300 798 1328 ε
811 1281 1040 1330 occultus
1053 1299 1170 1330 vero
1189 1282 1288 1342 ille,
1302 1281 1399 1333 sub
1411 1281 1563 1329 undis
1578 1281 1754 1340 latens,

389 1359 566 1424 atque,
586 1369 644 1406 ut
662 1356 824 1425 poe'tis
837 1359 1053 1425 placuit,
1075 1367 1215 1408 terrae
1229 1369 1553 1426 quassator....
1570 1358 1753 1406 Eadem

391 1437 587 1484 ratione
611 1437 821 1485 consilia
847 1437 911 1486 ab
937 1439 997 1486 iis
1016 1437 1411 1487 consultationes
1443 1435 1759 1485 deliberatio·

392 1529 584 1578 nesque
606 1525 801 1562 secretae
828 1532 856 1561 a
887 1516 1103 1564 condere
1129 1516 1212 1582 (id
1234 1526 1307 1564 est
1323 1552 1338 1576 ‚
1369 1514 1656 1580 occultare)
1685 1513 1758 1562 di-

392 1600 600 1651 cuntur,
620 1602 670 1640 et
681 1592 860 1641 consul
875 1603 1117 1659 tanquam
1131 1604 1353 1642 mentem
1367 1593 1552 1653 oelaris;
1564 1594 1758 1659 quippe

392 1669 486 1734 qui
511 1672 784 1736 prospiciat
799 1708 813 1731 ‚
845 1671 1041 1737 proque
1061 1671 1318 1738 republica
1342 1659 1761 1735 secum’cogitans

392 1747 579 1813 vigilet.
637 1750 768 1797 Hinc
817 1751 968 1797 etiam
1020 1750 1276 1798 consualia
1328 1750 1531 1815 antiqui
1583 1763 1762 1817 cursus

394 1826 653 1890 equestres
684 1826 908 1873 ludicros
942 1827 1124 1874 dicunt
1155 1846 1167 1873 τ
1197 1815 1482 1893 equestrem
1522 1827 1660 1874 enim
1695 1823 1763 1873 fa·

392 1902 517 1951 bUla
539 1903 758 1970 ΝῙΡΕΠΜ
781 1903 1095 1970 Neptunum.
1121 1908 1232 1953 Haee
1265 1905 1328 1954 de
1347 1904 1472 1954 Italo
1491 1903 1762 1973 consulum

393 1994 639 2026 nonnum&
702 1999 706 2004 ·
751 1996 756 2005 2
807 1992 824 2011 .·.
1027 2002 1030 2004 .
1093 2000 1123 2007 ,,
1637 1991 1640 1997 ,

462 2053 544 2103 312
581 2053 838 2114 Quoniam
877 2067 997 2102 vero
1035 2055 1323 2121 primorum
1360 2057 1630 2106 consulum
1678 2074 1767 2115 no,-

395 2133 540 2183 mina
573 2149 725 2180 nemo
763 2133 963 2198 ignorat
982 2150 996 2192 ;
1038 2150 1197 2199 pauca
1237 2136 1467 2200 quaedam
1509 2137 1590 2199 del
1614 2141 1769 2184 Bruto

398 2210 626 2259 dicenda.
647 2211 833 2257 Junius
861 2211 1131 2276 proprium
1164 2212 1260 2258 viri
1287 2228 1475 2259 nomen
1501 2224 1605 2260 erat
1616 2228 1637 2271 ;‘
1649 2217 1769 2260 Bru·

400 2297 515 2337 tum
552 2298 723 2336 autem
741 2324 756 2347 ‚
801 2287 1083 2336 secundum
1110 2290 1507 2355 cognominandi
1545 2305 1738 2339 morem
1756 2328 1771 2352 ‚

400 2383 522 2416 eum
546 2383 574 2414 a
599 2366 832 2414 simulata
859 2367 969 2431 ejus
991 2366 1204 2414 stultitia
1230 2367 1476 2416 vocabant
1507 2385 1530 2415 τ’
1555 2372 1769 2417 Brutum

389 2433 554 2492 'enim'
576 2444 686 2492 Itali
706 2444 830 2491 olim
850 2445 1015 2509 patrio
1032 2461 1263 2493 sermone
1282 2445 1497 2494 stultum
1520 2462 1548 2493 a
1569 2455 1772 2512 torpore

403 2522 591 2570 mentis
612 2520 947 2587 adpellabant.
971 2523 1063 2570 Hic
1081 2559 1094 2582 ‚
1127 2533 1187 2570 ut
1206 2522 1311 2570 dixi
1332 2560 1345 2582 ‚
1374 2523 1641 2571 stultitiam
1677 2522 1772 2571 fin-

406 2616 529 2666 gens
540 2638 554 2661 ‚
574 2612 775 2668 tempus
789 2603 1040 2668 quaerebat
1056 2605 1393 2669 Tarquinium
1409 2641 1421 2662 ‚
1438 2605 1606 2652 virum
1625 2605 1771 2661 inter,

410 2676 503 2740 qui
521 2675 748 2742 unquam
765 2682 971 2740 tyranni
985 2679 1125 2729 fuere
1136 2718 1149 2741 ‚
1168 2681 1573 2729 crudelissimum
1586 2717 1604 2739 ,
1618 2695 1774 2743 regno

412 2752 706 2817 expellendi.
727 2759 830 2816 Qui
843 2775 961 2807 cum
985 2759 1356 2825 (Athenis-cum
1374 2761 1435 2807 iis
1452 2759 1661 2823 degenS‚
1682 2755 1775 2821 qui

467 2854 516 2901 3)
538 2851 638 2893 Cod-
663 2858 828 2909 κοιδόρε,
