2748 3834
596 534 970 569 ni-:irunmcffl
1005 533 1277 566 Romanu.
1311 535 1416 568 mn.
1453 536 1514 569 11.
1648 519 1735 571 131

378 610 513 659 Adeo
532 626 645 675 quae
664 607 729 655 ad
749 607 929 654 luxum
953 602 1278 670 pertinebant
1302 639 1315 663 ‚
1355 608 1578 670 neglecta
1604 610 1745 679 apud

378 702 567 741 veteres
574 699 719 738 erant
728 724 741 747 ‚
756 687 848 754 qui
861 685 962 735 sola
971 685 1159 733 civium
1170 683 1336 732 laetitia
1348 684 1746 753 perfruerentur.

451 789 530 820 21.
567 773 739 819 Postea
765 785 886 818 vero
911 767 1111 833 Sergius
1127 803 1141 826 ‚
1167 783 1310 815 unus
1338 765 1618 817 forensium
1643 786 1755 819 ora·

383 859 553 898 torum
569 886 583 910 ,
617 847 837 914 sophista
855 883 868 907 ,
903 857 1057 911 quem
1084 855 1294 912 propter
1316 844 1600 895 doctrinam
1625 850 1755 915 opti-

385 944 501 976 mus
531 926 820 975 Anastasius
846 923 1142 984 verebatur,
1159 934 1466 978 memorato
1494 924 1755 976 domicilio

387 1006 658 1055 deversorii
677 1003 864 1052 molem
888 1004 1180 1069 imponens,
1198 1003 1493 1052 modestiam
1517 1004 1757 1071 neglexit,

389 1083 737 1148 majoremque
749 1082 929 1130 luxum
941 1119 954 1142 ‚
969 1082 1326 1148 languescente
1330 1083 1433 1148 jam
1448 1084 1758 1150 magistratu,

389 1161 700 1222 introduxit,
738 1178 845 1210 non
871 1161 1152 1228 praevidens
1184 1162 1388 1228 (neque
1416 1164 1554 1211 enim
1581 1162 1759 1212 huma·

391 1258 467 1289 11ae
483 1250 674 1290 naturae
686 1277 698 1300 ,
718 1240 953 1289 futurum
971 1240 1227 1303 divinare)
1245 1277 1258 1300 ,
1278 1241 1497 1307 lustrum
1512 1258 1567 1293 se
1578 1244 1763 1308 Cappa·

391 1319 506 1366 doci
528 1328 795 1366 exstruere.
819 1317 1001 1366 Balneo
1023 1328 1190 1366 tamen
1218 1318 1465 1367 domicilii
1490 1329 1767 1368 contentus

391 1394 492 1444 fuit
506 1434 523 1456 ‚.
546 1398 601 1443 in
621 1412 681 1444 eo
700 1397 883 1462 utique
903 1396 1199 1444 modestiam
1217 1395 1400 1445 colens.
1414 1399 1478 1444 At
1495 1396 1764 1463 Cappadox

395 1477 546 1542 (quis
567 1494 687 1525 vero
710 1477 796 1524 hic
811 1513 825 1536 ‚
867 1476 1023 1543 paulo
1046 1488 1160 1543 post
1183 1476 1376 1541 dicam)
1392 1494 1528 1525 cum
1562 1479 1617 1525 in
1642 1495 1763 1544 prae-

395 1555 640 1605 fecturam
665 1558 917 1616 irruisset,
936 1558 1211 1624 antiquum
1234 1557 1461 1624 adeoque
1476 1556 1767 1625 yenerabil'e

397 1638 716 1702 magistratus
761 1636 1080 1689 domicilium
1127 1637 1468 1704 phalangibus
1503 1639 1774 1686 ministro-⁴

397 1730 516 1762 rum
551 1730 764 1763 suorum
798 1717 1030 1782 permisit
1066 1734 1077 1764 ε
1109 1717 1215 1782 ipse
1246 1728 1366 1764 vero
1391 1717 1446 1763 in
1476 1732 1657 1782 supera
1684 1715 1773 1764 illa

397 1803 540 1859 parte
570 1793 763 1842 cubans
790 1830 804 1854 ,
858 1795 1008 1842 urina
1050 1804 1100 1841 et
1118 1783 1343 1842 'stercore
1369 1795 1564 1842 circum
1601 1793 1770 1843 cubile

398 1872 744 1937 spectantibus
763 1908 777 1932 ,
802 1872 978 1920 nudus
990 1874 1044 1919 in
1066 1871 1201 1920 lecto
1215 1873 1580 1938 extendebatur
1593 1909 1607 1933 ,
1627 1873 1775 1939 adpa-

399 1952 617 1999 ritorum
634 1952 869 2016 quemvis
883 1987 896 2009 ,
911 1949 1078 1998 veluti
1097 1950 1391 2016 improbum
1410 1967 1639 2012 servum,
1654 1959 1774 1999 ante

398 2026 571 2075 cubile
594 2027 870 2092 praestolari
894 2026 1112 2090 jubens,
1154 2038 1386 2092 quosque
1416 2028 1600 2092 eligere
1623 2030 1671 2074 ei-
1702 2029 1775 2077 vi·

397 2120 513 2154 sum
535 2141 548 2166 ,
582 2102 902 2154 ferocissimis
937 2121 1199 2154 servorum
1229 2141 1243 2165 ,
1287 2103 1515 2153 barbaris
1553 2114 1604 2151 et
1639 2104 1783 2169 lupis

401 2185 591 2232 animis
619 2183 774 2232 simul
804 2194 855 2232 et
888 2183 1191 2232 nominihus
1210 2220 1224 2242 ‚
1278 2199 1430 2248 poena
1468 2181 1785 2229 adficiendos

405 2262 621 2309 tradens.
645 2263 932 2309 Luxu-rians
957 2263 1115 2327 igitur
1137 2262 1328 2308 mirum
1352 2262 1407 2307 in
1429 2256 1643 2307 modum
1660 2296 1673 2319 ,
1697 2276 1778 2307 ve-

408 2349 490 2387 tus
505 2338 746 2388 balneum
761 2377 774 2400 ,
791 2341 846 2388 in
860 2340 1116 2388 stabulum
1131 2331 1486 2404 jumentorum
1505 2347 1780 2397 mutatum,

408 2433 617 2484 gregum
648 2435 900 2485 equorum
941 2429 1103 2484 parvae
1140 2419 1273 2484 parti
1317 2417 1577 2483 permisit3
1639 2415 1781 2463 aliud

407 2506 578 2544 autem
598 2497 652 2543 in
671 2513 806 2556 aere,
831 2514 1081 2562 aquarum
1104 2507 1283 2545 natura
1305 2496 1368 2543 ad
1392 2511 1654 2544 enormem
1675 2494 1782 2542 alti-

412 2569 643 2622 tudinem
667 2575 966 2624 adscendere
990 2585 1160 2624 coacta
1175 2612 1187 2635 ,
1209 2568 1451 2622 balneum
1486 2570 1783 2638 suspendit,

415 2650 470 2695 in
497 2667 600 2714 quo
615 2654 802 2718 tragico
823 2653 935 2713 illo,
951 2671 1056 2719 quo
1076 2654 1298 2701 diximus
1312 2690 1326 2713 ,
1349 2668 1491 2701 more
1511 2650 1781 2699 lavabatur.

414 2725 538 2773 Inde
555 2743 708 2792 porro
726 2732 976 2779 terrestria
1000 2748 1244 2796 aereaque
1276 2747 1336 2778 acv
1363 2731 1586 2778 natantia
1612 2727 1784 2776 omnia

417 2817 535 2848 cum
558 2805 692 2852 vinis
726 2807 959 2872 undique
988 2808 1206 2856 advectis
1230 2807 1499 2856 devorabat
1520 2843 1532 2866 ‚
1576 2815 1625 2853 et
1648 2800 1786 2849 mille

417 2880 722 2944 promiscuis
763 2884 980 2942 coitibus
1020 2885 1174 2933 simul
1217 2886 1322 2950 ipse
1361 2880 1754 2932 consumebatur
1774 2894 1787 2937 ;

1522 2967 1628 3026 17²
