2748 3834
679 334 730 380 'a

548 478 917 513 nntrunmcu
953 480 1225 516 nonarum
1256 482 1364 518 mn.
1397 485 1431 518 1.
1607 470 1665 521 51

307 550 424 605 licet
445 563 797 619 exactoresque
828 554 1177 619 pecuniarum.
1218 559 1445 617 Quaestor
1462 567 1514 610 et
1534 574 1670 627 quae-

307 633 432 680 sitor
446 650 551 699 quo
572 633 832 692 disserant,
851 650 1001 699 supra
1026 634 1260 683 diximus.
1286 640 1346 685 Et
1364 649 1553 690 servata
1567 639 1672 691 hm

310 711 625 760 consuetudo
642 729 698 760 ac
725 711 918 759 reditus
934 711 1203 777 colligendi
1229 714 1355 762 ratio
1375 724 1485 763 tum
1503 733 1530 765 a
1550 734 1670 767 oon-
1708 712 1711 720 ‘

309 789 507 839 sulibus
535 800 645 838 tum
676 806 706 837 a
732 789 1060 856 praetoribus,
1096 806 1215 838 cum
1236 790 1290 840 in
1310 797 1672 862 externam-gio-

309 886 398 918 nes
426 868 883 935 proficiscerentur.

385 949 464 995 28.
497 949 573 995 ‘De
606 945 777 1012 palatii
802 945 1133 1010 quaestoribus
1153 957 1322 997 autem
1352 947 1469 998 licet
1502 949 1670 1018 Ulpia-

309 1038 437 1074 num
451 1023 877 1090 jurisconsultum
904 1025 1170 1075 audiamus
1203 1046 1213 1074 :
1243 1029 1311 1077 ait
1334 1040 1504 1078 autem
1524 1032 1595 1079 sic
1615 1033 1670 1080 in

307 1101 439 1151 libro
470 1103 717 1170 singulari
754 1102 817 1151 de
853 1102 1033 1152 officio
1070 1107 1339 1165 Quaestoris
1371 1126 1382 1154 ε
1422 1127 1444 1152 α
1480 1111 1679 1159 Verum'

308 1181 502 1248 excepti
535 1192 679 1230 erant
713 1193 981 1248 quaestores
1011 1184 1264 1232 candidati
1295 1187 1566 1254 principis;
1615 1187 1677 1237 hi·

305 1262 493 1309 etenim
524 1260 642 1310 solis
659 1259 801 1326 libris
817 1261 870 1309 in
896 1272 1071 1310 senatu
1097 1262 1349 1329 legendis,
1381 1275 1431 1313 et
1449 1266 1673 1333 epistolis

307 1339 672 1405 imperatorum
716 1339 970 1388 vacabant.
1001 1362 1025 1385 »
1051 1342 1353 1391 candidatos
1380 1354 1548 1392 autem
1577 1348 1671 1393 Ro-
1701 1362 1710 1369 ¹

307 1418 446 1465 mani
483 1417 751 1466 candidam
790 1429 975 1467 vestem
1018 1430 1245 1486 gerentes
1281 1421 1675 1471 vocaresolent.>

302 1496 462 1544 Nemo
485 1507 654 1543 autem
677 1498 956 1545 orationem
977 1534 990 1557 ‚
1037 1495 1447 1566 qualemcunque
1462 1535 1477 1559 ‚
1516 1499 1671 1548 lectu-

304 1589 422 1634 rus,
462 1590 520 1622 ac
543 1576 816 1641 praesertim
846 1565 1014 1624 coram
1045 1577 1377 1643 imperatore,
1409 1595 1515 1627 non
1550 1579 1672 1627 cum'
1706 1578 1719 1590 ‘

304 1650 517 1699 candida
538 1662 672 1700 veste
697 1651 760 1700 ad
786 1650 1052 1701 lectionem
1089 1654 1365 1703 accedebat.
1404 1654 1673 1703 Candidati

257 1766 262 1770 .
305 1745 426 1777 vero
448 1729 485 1776 ii
512 1746 720 1797 quoque
737 1730 1039 1779 dicebantur
1057 1768 1071 1792 ‚
1095 1734 1261 1798 quiin
1282 1727 1559 1800 Provinciis
1577 1749 1674 1782 ma·

302 1803 538 1872 gistratus
563 1818 707 1856 erant
739 1810 957 1874 gesturi;
988 1811 1119 1874 quia‘
1138 1813 1202 1857 et'
1222 1810 1278 1858 hi
1300 1826 1424 1859 ‘cum
1456 1809 1672 1860 candida

301 1895 437 1933 veste
455 1885 731 1952 prodibant
749 1921 763 1945 ,
794 1885 892 1934 hoe
915 1901 968 1933 se
995 1885 1248 1934 studiosos
1283 1877 1671 1953 magistratuum

302 1976 407 2011 esse
426 1961 723 2006 indicantes.
768 1964 1003 2013 Testatur
1037 1962 1142 2005 haeo
1166 1964 1402 2024 quisquis
1437 1967 1676 2013 Romanae

296 2025 440 2086 ⁴haud
463 2051 638 2102 expers
659 2032 894 2082 historiae.
918 2035 1044 2082 Nam
1068 2050 1096 2080 e
1115 2034 1491 2100 magistratibus
1514 2041 1675 2087 nemi⁴

301 2132 419 2174 nem
438 2151 452 2175 ‚
481 2123 815 2181 praeterquam
845 2111 1145 2160 solennibus
1173 2111 1354 2162 diebus
1371 2151 1383 2175 ,
1418 2114 1515 2164 alia
1540 2127 1676 2167 veste
1743 2112 1749 2117 ’

300 2210 453 2243 usum
475 2209 578 2240 esse
594 2227 607 2251 ,
642 2191 884 2238 omnibus
906 2191 1230 2237 notissimum
1250 2200 1337 2238 est.
1356 2194 1531 2257 Neque
1555 2211 1675 2243 vero

283 2272 356 2320 „id
387 2274 554 2319 Romae
572 2278 771 2317 tantum
789 2305 803 2327 ‚
842 2266 928 2316 sed
958 2268 1012 2315 in
1040 2268 1318 2334 provinciis
1346 2270 1496 2317 etiam
1517 2272 1675 2320 moris

302 2348 485 2407 fuisse,
515 2348 621 2414 ipse
650 2347 894 2407 memini;
924 2344 1172 2413 quamdiu
1206 2347 1415 2412 quidem
1449 2364 1477 2395 a
1514 2350 1674 2398 curias

302 2426 444 2482 libus
455 2427 682 2474 civitates
700 2423 1036 2491 regebantur:
1067 2423 1258 2491 quibus
1285 2424 1496 2474 sublatis
1514 2462 1528 2487 ,
1554 2443 1673 2476 cum

303 2506 556 2555 universis
581 2503 782 2569 singula
812 2503 967 2552 simul
996 2513 1331 2551 evanuerunt.

380 2600 458 2647 29.
494 2586 588 2630 Tot
617 2584 936 2649 magistratus
965 2599 1071 2630 rem
1109 2585 1384 2630 Romanam
1425 2581 1521 2630 sub
1549 2585 1674 2648 regi-

303 2655 405 2708 bus
421 2693 443 2729 ,ι
466 2675 556 2723 per
578 2676 738 2708 annos
761 2660 1006 2709 ducentos
1030 2659 1361 2730 quadraginta
1381 2670 1480 2708 tres
1504 2696 1518 2717 ‚
1544 2677 1673 2726 quos

309 2751 465 2803 penes
479 2751 616 2800 reges
632 2738 906 2806 imperium
922 2738 1021 2788 fuit
1033 2775 1048 2800 ‚
1066 2739 1246 2788 rexisse
1261 2775 1275 2800 ‚
1299 2739 1352 2787 in
1374 2738 1670 2786 universum

365 2835 412 2886 3)
437 2834 537 2874 Cod.
562 2838 678 2888 μόνοι.
1527 2885 1539 2890 1

1404 2915 1429 2961 7
1457 2907 1478 2929 2
