2748 3834
890 521 981 584 viij
1313 518 1816 577 COMMENTAnius

893 631 1054 684 ctrina
1069 630 1257 679 eximia
1270 666 1283 692 ,
1304 632 1501 694 poetica
1515 631 1812 695 suavitudo,
1829 629 2049 680 eruditio
2066 630 2244 679 latina:

891 721 1227 770 conferuntur
1245 721 1488 769 beneficia
1508 721 1739 786 quaedam
1750 759 1765 785 ,
1782 722 1929 787 plura
1944 723 2249 787 promittun-

891 816 976 857 tur
993 826 1002 855 :
1022 806 1192 856 addito
1207 807 1414 857 hortatu
1430 810 1457 868 ,ἶ
1471 817 1529 857 ut
1544 809 1779 874 pluribus
1799 810 2000 859 oivibus
2023 808 2249 874 porrige-

888 905 967 946 ret
980 897 1148 947 lucem
1164 898 1357 963 ingenii
1374 916 1384 945 :
1405 915 1505 963 qua
1523 898 1672 948 laude
1685 900 1922 948 incensus
1937 916 2027 964 per
2042 896 2249 963 aliquod

888 993 1090 1050 tempus
1113 993 1186 1034 est
1221 986 1426 1051 publice
1457 989 1628 1037 nescio
1665 987 1791 1053 quid
1825 986 2079 1053 professus
2092 1025 2105 1051 ,
2148 987 2248 1035 lin-

889 1094 1039 1142 guam
1063 1078 1270 1127 latinam
1290 1116 1303 1141 ‚
1342 1078 1555 1143 opinor,
1581 1079 1665 1150 vei
1689 1096 1916 1144 graecam.
1951 1078 2129 1127 Altero
2151 1076 2247 1125 ho-

890 1172 1044 1214 nestae
1061 1165 1330 1214 missionis.
1351 1181 1427 1213 111.
1451 1167 1528 1216 50.
1545 1185 1595 1231 p.
1612 1184 1870 1216 202.anno
1888 1166 2022 1228 552„
2045 1164 2248 1214 sedente

889 1254 945 1303 in
965 1262 1198 1320 suggestu
1219 1254 1498 1319 Hephaesto
1528 1257 1585 1304 P.
1606 1258 1661 1305 P.
1675 1294 1688 1319 ,
1717 1274 1832 1306 cum
1857 1262 1973 1321 post
1995 1269 2248 1305 annorum

889 1359 967 1392 XL
981 1344 1234 1394 mensium
1250 1359 1310 1393 lv
1322 1344 1573 1407 militiam,
1591 1353 1840 1394 transacto
1856 1343 2131 1394 Corniculo
2151 1342 2249 1390 cin-

885 1433 1108 1498 guloque
1120 1424 1691 1499 depositonexagesimo
1705 1432 1927 1482 secundo
1940 1431 2099 1481 aetatis
2115 1445 2248 1477 anno

883 1520 940 1568 in
964 1522 1207 1584 palatium
1227 1519 1486 1584 transiret,
1522 1522 1723 1585 juribus
1739 1521 2055 1582 annonisque
2071 1516 2248 1565 emeri-

883 1616 1055 1658 torum
1071 1609 1337 1658 fruiturus.
1349 1610 1468 1669 Quo
1484 1611 1539 1658 in
1553 1612 1658 1659 otio
1672 1609 1733 1659 ad
1745 1606 2069 1659 scribendum
2083 1611 2249 1652 totum

884 1714 936 1745 se
968 1698 1212 1757 contulit,
1249 1692 1354 1745 fere
1375 1705 1604 1759 tempore
1622 1698 1798 1762 eodem
1813 1735 1825 1756 ‚
1847 1714 1951 1760 quo
1967 1693 2248 1757 Procopius

884 1782 1200 1832 Caesariensis
1220 1781 1530 1846 :imperante
1549 1783 1815 1832 etiamtum
1832 1784 1864 1831 J
1867 1783 2135 1832 ustiniano.
2153 1780 2250 1829 Cui

884 1891 946 1921 an
970 1880 1220 1937 superstes
1238 1870 1417 1934 fuerit,
1451 1872 1483 1919 J
1487 1872 1817 1934 ustinumque
1835 1872 2092 1935 juniorem
2127 1870 2147 1934 <
2160 1869 2251 1934 qui

885 1962 1122 2011 successit
1138 1978 1179 2008 a.
1202 1958 1334 2022 565)
1356 1958 1597 2022 attigerit,
1623 1957 1762 2010 haud
1781 1958 1917 2006 scio‘:
1940 1957 2115 2005 fuisset
2139 1965 2250 2005 tum

886 2065 1139 2099 annorum
1152 2062 1308 2096 Lxxv
1327 2065 1336 2094 :
1353 2064 1470 2111 quae
1482 2044 1689 2110 quidem
1704 2046 1798 2094 sub
1816 2046 1920 2109 ejus
1935 2045 2143 2095 nomine
2157 2061 2253 2093 ser·

825 2167 842 2173 ·
889 2144 1010 2187 vata
1025 2143 1164 2201 sunt,
1193 2153 1249 2184 ea
1270 2143 1405 2184 certe
1420 2135 1593 2184 omnia
1610 2135 1705 2184 sub
1720 2135 1752 2183 J
1756 2133 2011 2183 ustiniano
2031 2132 2249 2196 scripsit.
2313 2202 2316 2207 ‚

657 2287 861 2370 Lyffilssfipt.
960 2295 1060 2344 IV.
1097 2292 1334 2343 Profecto
1358 2294 1567 2343 enimin
1598 2293 1754 2359 hujus
1782 2291 2029 2358 principis
2055 2295 2252 2339 aetatem

644 2381 874 2465 ’Ἔξζζῇζίἷζώ
894 2383 1272 2435 accommodare
1294 2383 1478 2447 aliquis
1504 2384 1660 2448 possit
1678 2380 1807 2431 illud
1824 2418 1839 2444 ‚
1885 2385 2047 2446 poetae
2071 2377 2253 2429 inediti

895 2483 944 2525 et
966 2473 1242 2523 admodum
1276 2472 1542 2537 elegantis:

1000 2569 1050 2620 ol:
1067 2575 1106 2613 δὲ
1120 2575 1394 2614 θαλασσαίοισιν
1416 2575 1451 2611 ἐν
1473 2573 1618 2624 οἳὸμασι
1636 2550 1741 2615 νῆσος
1761 2574 1920 2623 ἀνίσχει,

1002 2653 1171 2693 Δαιδαλέη
1189 2655 1365 2704 ςαχύεσσι
1382 2653 1441 2706 >pat
1464 2652 1674 2702 ἀμπελόεντ’.
1693 2651 1873 2702 κορύμδῳ,

1000 2732 1069 2769 Καὶ
1083 2731 1221 2782 ,θαλερῷ
1239 2731 1378 2781 λειμῶνι
1394 2759 1403 2779 ‚
1435 2731 1493 2766 καὶ
1513 2728 1746 2780 εὐδένδροιο-ιν
1763 2728 1926 2778 ἐρίπναις·

999 2809 1070 2847 Τὴν
1086 2807 1124 2844 δὲ
1143 2806 1413 2858 παραπλώοντες
1434 2805 1673 2848 ἐπολὸίζουσιν
1690 2803 1808 2841 ὁδῖται
1817 2830 1829 2851 ,

1002 2872 1116 2934 Ᾰλγεα
1134 2883 1382 2933 βουκολέοντες
1396 2883 1602 2933 άλικμήτοιο
1625 2884 1801 2934 μερίμνης.
2101 2939 2140 2987 C
2180 2938 2190 2949 “

2145 2954 2256 3003 ujus
