2748 3834
958 487 1036 538 liv
1378 505 1875 539 coMMENTAnms

953 606 1087 664 μέρος·
1103 606 1183 652 ὥςε
1201 600 1292 649 τοὺς
1309 600 1379 658 μὲν
1399 601 1564 660 ἄρῥενας
1588 604 1667 650 τοῖς
1686 599 1759 651 ἔξω
1777 602 1956 662 γίνεσᾷαι
1987 600 2174 663 φοὸεροὺς
2187 636 2202 657 ,
2225 603 2295 652 τὰς

953 690 994 733 δὲ
1014 689 1172 738 θηλείας
1194 689 1272 735 τοῖς
1290 686 1398 729 ἔνδον
1415 689 1610 746 γονιζιωυς.
1635 701 1664 731 ))
1699 686 1818 745 Quo
1847 703 1913 734 ex
1935 686 2046 734 loco
2072 693 2293 749 constat,

951 771 1087 836 quod
1110 772 1341 820 habuerit
1366 772 1616 836 Josephus
1640 772 1702 821 de
1719 774 1892 832 Juliis,
1915 773 1966 822 id
1987 791 2128 838 aeque
2143 773 2296 823 fuisse

898 853 902 856 ’
951 862 1189 922 majorem
1223 861 1361 908 illam
1393 849 1676 926 Lydianam
1709 863 1983 927 Epitomen
2021 884 2030 907 :
2065 881 2183 910 nam
2209 863 2296 912 illa

951 952 1059 1017 ipsa
1086 952 1240 998 verba
1278 951 1427 998 habet
1462 950 1577 999 edit.
1617 951 1821 1003 Sc'how.
1856 955 1989 1002 Part.
2023 952 2107 1000 IV
2127 968 2299 1001 mense

953 1039 1114 1103 April.
1154 1057 1256 1102 cap.
1292 1053 1350 1085 Vl
1379 1055 1484 1102 pag.
1523 1042 1585 1105 98
1617 1059 1626 1089 :
1664 1042 1762 1090 nisi
1794 1041 1931 1106 quod
1957 1042 2030 1089 ibi
2059 1056 2296 1105 perverse

951 1132 1144 1191 γονίμοις,
1178 1144 1271 1189 pro
1297 1130 1493 1188 γονίμους.
1512 1129 1609 1177 Sed
1629 1130 1810 1194 aliquis
1834 1130 1992 1180 fatalis
2016 1131 2113 1178 fuit
2133 1146 2294 1193 casuS,

953 1216 1044 1281 qui
1078 1231 1250 1262 rursus
1281 1231 1390 1261 eam
1414 1215 1708 1279 Epitomen‚
1742 1219 1906 1267 lucem
1939 1237 2002 1267 ne
2021 1219 2263 1282 aspiceret
2282 1254 2295 1279 ,

952 1303 1232 1368 impedivit.
1253 1303 1329 1350 Ut
1359 1303 1495 1352 enim
1525 1304 1768 1355 Allatium
1787 1305 2040 1369 vidimus,
2071 1307 2193 1354 item
2210 1306 2299 1354 Jo-

953 1393 1139 1457 sephus
1168 1391 1229 1440 de
1252 1393 1283 1439 J
1288 1392 1403 1441 uliis
1417 1431 1429 1455 ,
1458 1394 1600 1458 prius
1618 1407 1768 1460 quam
1785 1397 2007 1460 affectam
2023 1394 2298 1443 editionem

952 1481 1238 1545 perficeret,
1278 1481 1404 1530 obiit
1436 1500 1446 1530 ε
1481 1482 1680 1549 fuitque
1712 1486 1836 1535 adeo
1871 1485 1970 1534 hoc
1999 1483 2188 1532 Allatio
2218 1481 2301 1528 in-

954 1568 1170 1632 felicior,
1205 1569 1343 1633 quod
1367 1582 1479 1634 quae
1498 1572 1606 1637 ipse
1628 1579 1994 1624 commentatus
2016 1571 2071 1620 in
2090 1567 2300 1635 Lydum

954 1665 1050 1720 est,
1078 1675 1134 1705 ea
1152 1657 1261 1706 sive
1296 1660 1508 1708 omnino
1532 1660 1591 1710 ad
1624 1662 1850 1710 nihilum
1877 1667 2158 1720 venerunt,
2191 1659 2303 1707 sive

957 1753 1089 1794 certe
1115 1746 1281 1795 adhuc
1318 1749 1473 1798 latent
1499 1769 1508 1797 :
1546 1766 1659 1813 quae
1687 1749 1932 1808 Allatius‚
1967 1758 2084 1797 cum
2102 1749 2158 1796 in
2191 1765 2303 1796 eru-

954 1835 1180 1884 ditorum
1206 1835 1473 1884 hominum
1516 1853 1696 1884 manus
1718 1838 2040 1900 incidissent,
2073 1838 2304 1886 siminus

955 1926 1085 1996 tota,
1125 1932 1344 1973 attamen
1377 1923 1546 1989 aliqua
1581 1933 1647 1972 e'x
1680 1931 1822 1987 parte
1844 1926 1992 1973 nobis
2019 1916 2072 1972 se
2094 1943 2303 1989 aperue-

955 2020 1092 2069 runt

1023 2187 1205 2237 XXV.
1239 2178 1443 2234 Etenim
1472 2185 1625 2248 paulo
1646 2185 1857 2251 justiore
1887 2184 2091 2235 fortuna
2122 2193 2305 2238 octavo

959 2276 1154 2325 decimo
1183 2274 1365 2323 soeculo
1394 2272 1572 2338 Lydus
1594 2275 1671 2323 uti
1700 2276 1878 2340 coepit.
1902 2275 2077 2324 Minus
2098 2273 2306 2339 quidem

875 2411 884 2420 ,
958 2367 1014 2415 in
1037 2365 1220 2425 Gallia,
1243 2362 1498 2411 Ludovici
1517 2376 1598 2408 xv
1616 2362 1917 2428 principatu,
1947 2380 2064 2411 cum
2085 2363 2305 2411 Joann'es

958 2457 1019 2504 L.
1055 2453 1117 2502 de
1147 2452 1379 2516 Burigny
1402 2487 1415 2512 ,
1459 2450 1544 2499 vir
1586 2450 1840 2501 historicis
1883 2451 2081 2515 scriptis
2117 2458 2268 2499 notus
2289 2488 2304 2514 ‚

958 2537 1296 2610 fragmentum
1322 2532 1443 2589 libri
1467 2539 1528 2587 ‹le
1551 2539 1775 2589 Ostentis
1794 2579 1808 2604 ,
1848 2536 1927 2594 De
1949 2532 2222 2588 tonitribus
2250 2539 2306 2587 in

957 2635 1064 2684 dies
1098 2631 1345 2696 singulos,
1395 2628 1573 2694 gallice
1604 2639 1798 2679 vertere
1827 2630 2021 2690 voluit,
2072 2630 2306 2677 Histoire

955 2726 1019 2774 ‚de
1069 2722 1381 2772 l’AcacMmie
1420 2721 1508 2765 dee
1559 2719 1887 2784 Inscriptions
1923 2719 2072 2768 Tom.
2110 2710 2307 2766 XXIX

955 2829 1063 2878 pag.
1091 2828 1182 2877 197
1210 2808 1487 2876 :quoniam
1510 2823 1567 2857 ea
1589 2810 1757 2861 versio
1789 2815 2028 2874 concepta
2048 2806 2204 2873 magis
2233 2813 2309 2859 est
