2748 3834
644 486 1019 519 nmpvntlcnz
1054 486 1320 518 ROMANAE
1355 487 1462 520 Lm.
1498 489 1530 529 ¹.-
1616 469 1632 485 .
1675 463 1679 468 -
1720 489 1777 539 17

381 594 394 612 f
416 574 521 608 non
544 561 610 607 ita
632 569 881 620 tyrannus
901 558 997 607 sibi
1015 558 1264 622 subjectos
1288 558 1542 620 tractabit3
1575 560 1661 609 sed
1685 578 1780 628 pro

415 639 883 704 potentiatemere,
921 635 1176 702 quidquid
1198 635 1445 696 voluerit,
1477 647 1618 703 aget,
1650 638 1782 705 leges

411 727 461 764 et
479 717 636 764 vereri
659 731 893 764 recusans
908 750 921 774 ‚
953 723 1003 762 et
1023 729 1141 761 cum
1168 722 1347 761 senatu
1370 712 1523 774 ferre,
1553 731 1654 764 suae
1671 727 1779 765 tan·

414 804 524 842 tum
549 810 731 861 parens
756 792 975 841 libidini.
1001 794 1086 839 Est
1106 792 1243 840 enim
1263 793 1511 860 principis
1535 810 1646 843 mos
1673 794 1779 856 lex,

410 883 460 922 et
480 874 684 939 tyranni
709 871 788 919 lex
806 886 930 918 mos.

477 954 524 1009 [ι.
561 954 683 1000 Nam
711 951 1074 1015 imperatorum
1095 985 1108 1009 ,
1130 949 1179 997 id
1203 959 1308 1011 est,
1335 954 1648 1018 αὐτοκρατόρων,
1669 969 1779 1018 cog-

412 1045 601 1078 nomen
624 1024 791 1095 neque
809 1029 1148 1095 principatus,
1178 1047 1343 1095 neque
1357 1046 1475 1078 vero
1496 1030 1780 1093 tyrannidis

412 1105 563 1155 habet
582 1106 1003 1173 significationem
1023 1144 1036 1166 ‚
1070 1107 1154 1155 sed
1177 1109 1377 1174 imperii
1395 1111 1588 1174 potius,
1617 1120 1781 1157 aucto-

412 1189 676 1255 ritatisque
695 1199 888 1236 coortas
914 1199 1099 1236 contra-
1116 1188 1482 1254 rempublicam
1516 1190 1688 1238 turbas
1708 1206 1779 1238 sa-

372 1333 374 1335 >
414 1259 635 1315 lubriter'
649 1267 993 1333 componendi
1015 1302 1029 1326 ‚
1063 1268 1352 1333 copiisque,
1382 1260 1641 1333 quomodo
1660 1285 1779 1317 cum

375 1334 397 1345 ‘⁶
412 1345 705 1394 adversariis
740 1346 1078 1412 pugnandum
1104 1382 1117 1406 ,
1177 1346 1474 1412 imperandi.
1530 1350 1781 1413 Imperare

412 1424 552 1471 enim
573 1460 587 1483 ,
631 1424 771 1472 unde
796 1426 1098 1491 imperator,
1129 1429 1174 1473 τὸ
1201 1428 1413 1474 ἐπιτάττειν
1437 1424 1548 1473 Itali
1582 1425 1778 1473 dicunt.

405 1499 731 1566 Prin'cipatus
752 1519 870 1550 vero
899 1502 1322 1568 significationem
1348 1520 1454 1551 non
1478 1502 1662 1550 habere
1691 1504 1782 1550 im·

413 1580 658 1646 peratoris
673 1596 859 1628 nomen
869 1617 883 1641 ‚
898 1580 1016 1628 inde
1030 1582 1244 1630 omnino
1258 1591 1394 1647 patet
1406 1617 1420 1640 ,
1438 1580 1579 1647 quod
1600 1591 1650 1628 et
1663 1597 1780 1628 con-

414 1658 573 1719 sules,
608 1668 658 1706 et
683 1669 796 1725 post
819 1675 903 1707 eos
928 1663 1135 1708 Cae‘sares
1173 1660 1537 1725 imperatorum
1569 1657 1781 1706 titulum

415 1754 698 1804 cognomen
732 1750 1041 1788 sumserunt.
1082 1728 1296 1788 Etenim·
1319 1757 1411 1788 nec
1442 1749 1784 1800 tyrannorum

414 1816 704 1882 insignibus
738 1818 996 1882 principes
1029 1815 1239 1864 Caesares
1270 1834 1387 1865 usos
1420 1835 1523 1866 esse
1558 1826 1785 1874 constat,

413 1893 500 1942 sed
524 1909 785 1959 purpurea
810 1902 1010 1943 tantum
1034 1909 1154 1940 cum
1177 1902 1312 1942 veste
1339 1894 1395 1940 in
1426 1903 1658 1942 senatum
1691 1897 1785 1941 Ro-

413 1985 687 2017 manorum
714 1971 934 2026 venisse,
963 1979 1014 2014 et
1038 1971 1199 2032 copiis
1230 1973 1383 2028 (cum
1408 1987 1612 2018 summo
1631 1973 1789 2036 impe-

402 2047 518 2107 ·rio,
543 2055 602 2105 ut
621 2045 877 2107 diximus)
909 2042 1180 2111 praefuisse.
1205 2046 1338 2092 Hinc
1364 2049 1574 2111 quoque
1598 2048 1789 2115 princi·

411 2143 500 2194 pes
531 2141 616 2174 eos
645 2125 860 2173 Romani
894 2123 1217 2190 adpellarunt
1235 2161 1250 2184 ,
1293 2123 1528 2173 videlicet
1557 2126 1789 2191 primum
1811 2194 1815 2197 -

413 2206 570 2252 totius
582 2204 871 2268 reipublicae
882 2212 1048 2267 caput.
1061 2203 1210 2267 (Nam
1219 2203 1419 2248 Caesaris
1429 2219 1616 2250 nomen
1630 2219 1790 2268 genus

413 2299 443 2331 a
458 2284 628 2348 primo
641 2284 824 2329 Caesare
841 2281 1052 2339 indicat,
1069 2281 1199 2327 sicut
1214 2279 1484 2327 Fabiorum
1504 2316 1517 2339 ‚
1540 2281 1791 2329 Cornelio-

415 2377 532 2408 rum
551 2397 565 2420 ,
595 2363 630 2407 F
633 2359 883 2408 laviorum
898 2368 948 2408 et
976 2359 1276 2406 Aniciorum
1316 2376 1325 2404 :
1362 2373 1469 2423 quo
1488 2374 1629 2405 more
1644 2359 1790 2423 prius

411 2437 616 2487 barbari
638 2440 715 2486 usi
735 2447 870 2486 sunt.
891 2427 1110 2503 AEgyptii
1128 2437 1267 2485 enim
1290 2453 1317 2483 a
1347 2437 1516 2502 primo
1531 2435 1789 2485 Pharaone

416 2533 556 2582 reges
571 2532 689 2564 suos
700 2515 980 2564 Pharaones
993 2552 1005 2574 ,
1025 2517 1251 2581 itemque
1267 2514 1554 2562 Ptolemoeos
1576 2531 1603 2562 a
1617 2516 1786 2580 primo

416 2594 629 2660 dixere.)
642 2598 764 2657 Quae
778 2596 986 2662 quidem
998 2599 1245 2644 Caesarum
1264 2595 1506 2644 modestia
1522 2594 1584 2642 ad
1597 2595 1787 2642 Diocle-

421 2674 619 2720 tianum
640 2691 801 2740 usque
817 2675 954 2742 apud
973 2679 1224 2723 Romanos
1243 2684 1431 2722 servata
1448 2683 1545 2733 est,
1578 2674 1670 2739 qui
1686 2673 1785 2738 pri·
1851 2722 1860 2729 .

423 2765 539 2796 mus
552 2766 778 2814 gemmeo
791 2753 1070 2800 diademate
1083 2763 1237 2818 caput
1250 2754 1479 2817 cingenS‚
1497 2761 1787 2812 vestemque

424 2835 473 2874 et
488 2826 639 2893 pedes
653 2831 863 2891 gemmis
878 2847 1065 2879 ornans
1077 2866 1091 2891 ‚
1111 2830 1174 2877 ad
1190 2845 1366 2894 regum
1380 2864 1392 2887 ‚
1406 2828 1484 2876 vel
1501 2864 1513 2887 ,
1534 2837 1593 2890 ut
1612 2840 1784 2874 verum
