2748 3834
1078 433 1104 471 ο

825 515 902 550 οε
935 513 1185 551 sonu-m
1220 514 1402 550 mmo.
1658 500 1794 564 xxxj
1859 565 1863 572 θ

429 609 636 660 incerte
667 610 826 660 aetatis
855 610 1084 676 homini,
1112 612 1414 662 tribuuntur
1438 629 1448 656 =
1475 607 1694 660 alterum
1734 609 1798 659 de

436 698 635 749 Officiis
655 700 844 765 palatii,
871 700 1087 750 alterum
1108 700 1172 750 de
1196 700 1499 766 Originibus
1519 699 1798 764 antiquita—

435 788 677 853 tibusque
715 789 1204 855 Constantinopolis.
1243 789 1343 839 His
1370 788 1426 838 in
1452 786 1762 853 Originibus
1781 821 1797 850 ,

433 875 553 948 edit.
574 875 813 925 Lambeo.
851 877 1010 927 Paris.
1046 895 1076 927 e
1109 875 1448 944 typographia
1479 876 1609 940 Reg.
1650 874 1796 925 1656.

433 965 672 1031 F01.pag.
691 980 766 1033 1¹9.
786 966 926 1016 A.N.
943 967 1021 1018 56.
1040 969 1354 1018 mentionem
1372 964 1632 1032 Lydifieri
1645 965 1798 1016 multi

431 1062 628 1122 putant.
650 1056 714 1105 In
737 1058 1026 1108 narratione
1052 1059 1190 1109 enim
1214 1057 1276 1108 de
1294 1064 1459 1107 status
1473 1093 1488 1116 ,
1510 1073 1625 1121 quae
1642 1072 1798 1105 ruens

431 1145 728 1195 Himerium
782 1146 1166 1197 chartularium
1225 1146 1533 1213 oppresserit
1555 1183 1570 1208 ,
1622 1144 1794 1195 afferri

432 1236 646 1286 Ioannis
662 1235 811 1301 alicuj
819 1253 876 1287 us
890 1217 1190 1303 philosophi
1203 1237 1552 1287 auctoritatem
1563 1272 1578 1299 ‚
1594 1233 1736 1300 quod
1751 1235 1797 1284 is

431 1326 682 1392 scriptum
704 1327 1018 1391 invenisset,
1039 1327 1232 1378 clarum
1252 1326 1509 1393 quendam
1531 1325 1798 1375 hominem

430 1418 530 1468 ‘sub
549 1417 651 1468 hoc
673 1417 816 1484 signo
835 1417 968 1483 (vel,
996 1435 1088 1484 per
1105 1418 1206 1468 hoc
1225 1418 1446 1483 signum)
1465 1415 1574 1465 vita
1588 1412 1797 1463 functu-

430 1524 552 1557 rum
584 1523 597 1555 :
628 1505 821 1556 idcirco
857 1515 1032 1572 postea
1057 1507 1411 1572 Philippicum
1447 1504 1694 1553 Caesarem
1725 1502 1797 1564 (is

431 1594 708 1660 imperavit
729 1612 773 1644 a.
797 1611 892 1660 712
922 1603 974 1645 et
1009 1595 1113 1661 sq.)
1156 1596 1359 1662 signum
1390 1592 1444 1643 id
1479 1590 1658 1641 eodem
1680 1589 1797 1639 loco

428 1683 485 1732 in
510 1690 693 1731 terram
716 1681 980 1734 defodisse.
999 1668 1184 1735 'Graeee
1217 1684 1295 1733 sie.
1322 1690 1398 1732 est
1437 1699 1448 1729 :
1486 1668 1656 1734 Ῐωάννης
1681 1679 1723 1725 δέ
1740 1696 1797 1731 τις

431 1776 646 1838 φιλόσοφός
670 1791 806 1838 φησιν,
840 1780 899 1822 ὅτι
922 1772 1033 1838 εὗρεν
1041 1810 1056 1832 ,
1092 1776 1170 1822 ὑπὸ
1193 1778 1336 1821 τούτου
1366 1779 1438 1821 τοῦ
1464 1773 1609 1826 ζωδίου
1632 1769 1793 1824 ἔνδοξον

426 1862 555 1925 ἄνδρα
564 1859 862 1921 τεθνηξόμενον.
881 1859 994 1923 ὑφόὒ
1010 1863 1241 1913 Φιλητπιτώς
1253 1864 1276 1906 ὁ
1289 1861 1475 1920 βασιλεὺς
1487 1860 1796 1924 πληροφορηθεὶς

426 1951 604 1996 &oenoe
619 1949 665 1994 τὸ
680 1949 778 1993 αὐτὸ
793 1948 933 2000 ζώὸἲον
950 1949 991 1993 ἐν
1013 1948 1124 2009 αὐτῷ
1139 1955 1197 2010 τῷ
1217 1953 1331 2010 τόπῳ
1345 1935 1664 2008 κᾷταχωσθῆναι.
1680 1947 1738 1996 Ν
1738 1962 1797 1995 ec

425 2033 746 2098 mehercule,
785 2033 831 2082 si
868 2034 943 2082 sio
978 2033 1155 2084 locum
1193 2034 1618 2099 interpretamur,
1664 2036 1798 2084 sicut

422 2125 635 2177 fortasse
664 2138 964 2189 possumus,
999 2139 1184 2188 nempe
1218 2122 1475 2182 Codinum
1499 2123 1587 2172 hic
1606 2140 1700 2188 pro
1730 2110 1796 2172 te·

425 2213 671 2265 stimonio
690 2213 915 2277 aliquem
938 2211 1144 2261 laudare
1159 2213 1299 2278 Lydi
1321 2212 1519 2262 locum:
1544 2229 1652 2261 non
1666 2248 1681 2270 ‚
1708 2212 1794 2260 in·-

425 2319 610 2369 quam‚
652 2299 786 2350 illud
814 2317 897 2350 me
928 2307 1133 2362 movet,
1171 2299 1312 2365 quod
1343 2300 1401 2349 in
1431 2299 1794 2364 superstitibus

423 2391 579 2443 hodie
594 2389 732 2458 Lydi
745 2390 947 2456 scriptis
960 2407 1018 2439 ea
1034 2390 1296 2455 praedictio
1317 2406 1575 2454 nusquam
1596 2388 1792 2452 legitur.

425 2483 550 2532 Erat
582 2479 795 2531 forsitan
826 2480 882 2529 in
913 2479 1016 2529 illis
1044 2480 1274 2545 partibus
1296 2479 1419 2528 libri
1444 2477 1507 2526 de
1534 2476 1791 2538 Ostentis,

424 2586 541 2636 quae
558 2569 931 2620 interciderunt
956 2587 966 2617 z
990 2577 1097 2619 erat
1131 2569 1192 2618 in·
1222 2568 1357 2617 libro
1391 2566 1454 2615 de
1488 2564 1791 2615 Mensibus:

424 2675 522 2709 nec
549 2660 822 2724 quicquam
856 2657 1086 2723 profecto
1122 2658 1282 2723 magis
1320 2655 1567 2706 convenit
1597 2655 1650 2702 in
1691 2654 1792 2716 Ly-

428 2746 944 2812 dum-‚treligios⁴um,
989 2756 1045 2797 et·
1074 2747 1404 2809 historicum,
1445 2753 1494 2793 et
1526 2745 1580 2792 in
1615 2740 1791 2790 statuis

427 2833 773 2887 describendis
813 2840 1079 2903 copiosum
1116 2839 1410 2901 hominem,
1467 2849 1622 2899 quam
1659 2832 1791 2893 eim·
