2748 3834
848 2174 941 2250 pc.

871 2218 959 2263 .28,

845 2274 880 2306 p.
895 2273 929 2297 v.

981 429 1009 475 8
1533 447 1725 479 INDEX.

1045 519 1095 564 62
1131 521 1230 581 Περὶ
1259 523 1326 564 τοῦ
1354 520 1528 578 ἐπάρχου
1555 524 1631 562 τῶν
1661 522 1902 580 πραιτωρίων
1926 518 1990 577 καὶ
2017 527 2085 571 τῆς
2114 524 2335 583 πειθομένης

979 598 1085 656 αὐτῳ
1113 594 1271 647 τάξεως.
1305 595 1405 655 Περι
1433 601 1509 638 τῶν
1546 595 1743 652 ἐπισήμων
1773 603 1839 645 τῆς
1873 597 2141 658 ἐπαρχότητος
2165 599 2228 642 καὶ
2260 606 2335 645 τῶν

976 675 1096 722 αὐτῆς
1128 674 1300 732 μεγίςων
1331 670 1583 733 ὃικας-ηρίων.
1615 674 1690 717 Οτι
1721 672 1792 716 οὐκ
1815 671 1871 722 ἦν
1896 676 2076 720 ἀνέκαθεν
2104 678 2335 738 πραιτώριον

975 749 1184 811 ὡρισμένον
1207 756 1252 809 τῇ
1272 751 1403 810 πρώτη
1428 754 1504 794 τῶν
1526 751 1675 811 ἀρχῶν.

1036 828 1073 872 έ.
1112 827 1211 888 Περὶ
1245 832 1320 871 τῶν
1354 827 1585 888 μαγι’,ς-ρων
1619 827 1683 872 καὶ
1719 829 1803 873 τίνα
1841 835 1996 892 πρῶτον
2035 832 2274 915 προαχθῆναι
2310 834 2335 880 ἡ

975 905 1108 966 ἱς-ορία
1138 905 1332 966 ἀναφέρει.
1366 907 1441 948 Οτι
1475 922 1510 948 οι
1539 903 1636 948 καθ’
1655 908 1758 965 ἡμεῖς
1785 908 1985 1003 λεγόμενοι
2011 925 2261 971 μαγιςριανοι
2289 911 2334 955 τὸ

974 982 1062 1044 πρὶν
1085 985 1379 1044 φρουμεντάριοι
1403 981 1624 1027 ἐκαλοῦντο.

1037 1058 1093 1110 ς’.
1129 1059 1227 1120 Περὶ
1251 1063 1322 1104 τοῦ
1353 1060 1527 1122 ἐπάρχου
1559 1061 1723 1111 Σκυθίας
1744 1063 1809 1106 καὶ
1841 1068 1912 1107 τοῦ
1943 1067 2189 1126 Ιουςινῃινοῦ
2221 1067 2336 1127 πραέ-

971 1155 1116 1199 τωρος,
1146 1137 1210 1182 καὶ
1234 1142 1304 1183 τοῦ
1333 1140 1534 1202 μαγίς-ρου
1565 1142 1647 1185 τῶν
1671 1145 1845 1197 κήνσων,
1867 1141 1931 1186 καὶ
1953 1148 2024 1188 τοῦ
2045 1145 2301 1206 κυαισίτωρος
2318 1179 2333 1199 ,

969 1219 1032 1263 καὶ
1062 1223 1118 1264 ὅτι
1144 1219 1189 1263 οὐ
1218 1223 1381 1283 πρώτως
1413 1221 1454 1265 αἱ
1477 1221 1597 1285 ἀρχαὶ
1619 1221 1733 1268 αὐταὶ
1764 1221 1973 1275 ἐπένθησαν
1992 1219 2058 1282 9),
2079 1224 2165 1271 ἀλλ’
2190 1226 2334 1285 ἠμελη-

972 1299 1082 1355 μέναι
1104 1297 1380 1349 ἀνεκλήθησαν.

1035 1373 1085 1428 ζ’.
1121 1375 1220 1438 Περὶ
1240 1383 1308 1427 τῆς
1331 1374 1477 1429 τάξεως
1499 1383 1576 1426 τῶν
1608 1378 1813 1441 ἐπάρχων,
1835 1379 1899 1423 καὶ
1917 1385 1992 1425 τῶν
2011 1381 2054 1425 ἐν
2079 1381 2176 1441 αὐτῇ
2207 1397 2334 1424 κατα-

967 1453 1091 1513 λόγων
1108 1482 1124 1509 ,-
1164 1455 1278 1503 ἠθῶν
1315 1471 1356 1498 τε
1393 1455 1456 1498 καὶ
1499 1459 1709 1515 σχημάτων
1747 1457 1811 1500 καὶ
1848 1461 2116 1518 γραμμάτων,
2154 1458 2218 1503 καὶ
2256 1463 2332 1501 τῶν

969 1531 1096 1575 ἄλλων
1126 1537 1194 1581 τῆς
1234 1532 1490 1593 ἀρχαιότητος
1523 1536 1830 1595 γνωρισμάτων,
1868 1532 1933 1577 καὶ
1967 1533 2010 1578 ἐκ
2043 1534 2166 1579 ποίων
2203 1534 2332 1579 αἰτιῶν

969 1610 1163 1668 ἠμέληται.

1032 1694 1072 1737 ἠ.
1107 1689 1184 1733 Διά
1213 1691 1255 1734 τί
1275 1689 1342 1734 τὸν
1370 1690 1545 1749 ποταμὸν
1574 1693 1642 1734 νῦν
1673 1690 1743 1750 μὲν
1774 1678 1921 1753 Ϊςρον,
1952 1693 2020 1736 νῦν
2042 1689 2096 1736 δὲ’
2116 1690 2331 1736 Δανούθιον

966 1767 1165 1827 συμὸαίνει
1199 1769 1572 1831 προσαγορεύεσθαι.
1612 1769 1708 1818 Πῶς
1751 1770 1924 1831 Πέρσαις
1962 1769 2197 1829 πολεμητέον
2231 1769 2330 1813 κατά

965 1845 1056 1896 τοὺς
1085 1847 1303 1894 τακτικούς.
1985 1841 1987 1845 ’

1033 1921 1079 1966 θ’.
1115 1925 1222 1966 Πότε
1243 1939 1307 1966 και
1325 1924 1427 1970 τίνσς
1450 1927 1563 1980 χάριν
1582 1921 1763 1981 ἐξηυρέθη
1787 1925 1830 1965 τό
1846 1930 1921 1965 τῶν
1939 1926 2181 1984 σκρινιαρίων
2198 1927 2326 1981 σῶμα.

966 1983 1092 2041 Πόθεν
1117 1999 1312 2054 εἰσηνέχθη
1334 1997 1382 2039 τὸ
1397 2001 1480 2040 τῶν
1507 1997 1831 2058 καγκελλαρίων’
1818 1999 1960 2056 ὄνομα,
1978 1997 2042 2041 καὶ
2060 1999 2128 2042 διὰ
2148 2000 2189 2043 τί
2206 2002 2328 2048 οὕτως

966 2074 1261 2134 ὠνομάσθησαν.
1295 2075 1356 2117 Εκ
1392 2074 1513 2118 ποίων
1553 2075 1684 2118 αἰτιῶν
1722 2074 1894 2136 υπεσύρη
1929 2077 1953 2123 ἡ
1986 2073 2094 2127 τάξις
2113 2109 2129 2132 ,
2169 2076 2234 2121 καὶ
2272 2081 2328 2122 ὅτι

969 2142 1195 2202 Ᾱναςάσιος
1220 2152 1240 2194 ὃ
1259 2150 1438 2200 δασιλεὺς
1461 2149 1525 2194 διὰ
1544 2141 1587 2185 *)
1618 2154 1800 2214 Μαρίνου
1823 2153 1943 2203 αἴτιος
1967 2155 2124 2199 τούτου.

1038 2231 1063 2273 ι’.
1097 2231 1232 2273 Πόθεν
1259 2228 1507 2291 Δουῤῥάχιον
1535 2231 1560 2277 ἡ
1591 2230 1713 2273 πάλαι
1739 2216 1980 2289 Ἐπίδαμνος.

1038 2311 1092 2354 ιά.
1128 2296 1389 2357 Ῠποτύπωσις
1413 2315 1481 2357 τῆς
1506 2297 1738 2358 Ᾰνας-ασιόυ
1762 2308 1978 2367 βασιλείας.

1033 2384 1095 2429 ιδ’.
1129 2386 1205 2429 Διά
1235 2386 1276 2430 τί
1292 2388 1442 2447 Πέρσαι
1472 2375 1699 2445 ῥωμαίους,
1721 2390 1831 2450 παρὰ
1851 2390 1917 2437 τὴν
1947 2388 2209 2444 παλαιότητα,
2230 2405 2326 2450 χρυ-

966 2463 1047 2509 σίον
1061 2461 1123 2526 ἐφ’
1145 2463 1291 2514 ἑκάς-ης
1314 2458 1374 2502 ¹0)
1393 2466 1524 2526 ὥσπερ
1550 2464 1795 2526 ὀφειλόμενον
1815 2466 2100 2526 εἰσπράττουσι.
2134 2465 2232 2526 Περὶ
2253 2470 2322 2512 τοῦ

965 2533 1400 2602 πτώματοςᾹντιοχειᾍις
1408 2576 1422 2597 ,
1439 2549 1506 2592 τῆς
1523 2543 1621 2604 πρὸς
1636 2543 1808 2604 Δάφνην,
1820 2543 1884 2586 καὶ
1898 2550 1965 2593 τῆς
1982 2545 2149 2605 Περσῶν
2162 2541 2322 2606 ἐφόδου.

1015 2661 1064 2713 9)
1091 2661 1201 2713 Lego
1217 2662 1477 2710 ἐπενοήθησαν,
1499 2660 1609 2716 quod
1623 2661 1791 2713 corrigit
1804 2660 2007 2700 recentior
2023 2673 2179 2699 manus.

1018 2725 1090 2773 10)
1118 2723 1237 2764 verti
1259 2730 1308 2762 ut
1326 2737 1388 2763 res
1414 2725 1615 2777 postulare
1631 2725 1860 2771 videbatur.
1886 2724 2009 2765 Conf.
2035 2738 2087 2764 {11
2101 2755 2111 2774 ‚
2132 2723 2210 2775 40,
2240 2727 2323 2764 καθ’

953 2790 1109 2838 ἑκάς-ην,
1131 2793 1171 2826 et
1185 2801 1260 2837 111,
1293 2786 1363 2839 51,
1389 2787 1459 2838 52,
1485 2788 1549 2830 53.
