2748 3834
663 527 1039 563 nntpurmcuz
1073 526 1350 561 nonnus
1380 528 1491 561 mr.
1525 528 1583 561 n.
1734 512 1799 576 93

431 598 652 652 borasset
667 638 681 663 ,
702 612 903 651 mortua
921 602 1023 667 jam
1041 599 1199 660 Julia,
1225 598 1330 648 filia
1344 636 1358 659 ,
1373 615 1528 666 quam
1551 601 1803 651 innutri-

435 681 671 728 monium
696 682 743 729 ei
774 679 1002 741 dederat,
1029 678 1305 728 contrarias
1328 686 1495 744 partes
1514 676 1803 745 amplexus,

434 758 653 806 Marium
666 757 846 819 coluit,
859 758 1072 824 ejusque
1088 755 1353 805 aemulatus
1366 764 1440 804 est
1454 770 1633 806 mores.
1642 756 1806 822 Igitur

433 837 585 886 ambo
616 839 751 887 inter
772 854 825 887 se
847 837 1279 905 congrediuntur,
1313 837 1461 903 quasi
1490 834 1804 900 hoeredesty-

435 931 718 965 rannorum
741 951 755 975 ‚
792 925 973 983 praeter
996 916 1165 982 copias
1180 951 1194 975 ‚
1226 913 1432 981 populis
1450 924 1708 982 quotquot
1738 914 1803 964 ad

432 994 681 1042 orientem
694 994 850 1043 solem
861 1029 875 1054 ,
889 1010 917 1041 a
926 994 1165 1059 Pompeio
1176 1030 1191 1053 ‚
1205 992 1429 1043 barbaris
1437 1002 1608 1043 autem
1621 1029 1636 1054 ,
1654 1004 1802 1060 quot*-

432 1079 562 1135 quot
586 1070 651 1118 ad
674 1071 987 1119 occidentem
1019 1071 1174 1120 solem
1195 1082 1245 1120 et
1275 1072 1642 1138 septentriones
1663 1071 1802 1138 dege-

431 1144 579 1208 bant,
596 1163 625 1195 a
643 1150 830 1198 Caesare
854 1148 1125 1198 stantibus.
1145 1148 1356 1215 Reliqua
1378 1159 1511 1199 nota.

501 1241 546 1273 2.
569 1228 758 1276 Rerum
781 1244 901 1277 vero
924 1219 1122 1295 potitur
1132 1230 1313 1277 Caesar:
1338 1229 1432 1295 qui
1454 1243 1601 1288 eum,
1622 1226 1686 1276 de
1704 1237 1799 1277 tre-

430 1305 592 1353 centis
609 1307 769 1372 captis
794 1306 998 1373 regibus
1023 1305 1372 1373 triumphans,
1393 1309 1603 1356 Romam
1627 1305 1799 1355 rediis-

431 1389 536 1442 set,
565 1394 677 1431 non'
697 1384 947 1451 principis
964 1420 978 1443 ‚
1002 1383 1022 1450 (
1042 1383 1169 1450 quid
1201 1393 1377 1433 autem
1406 1383 1572 1449 maJus
1601 1380 1800 1445 forest)

431 1467 520 1506 aut
539 1463 729 1508 summi
753 1463 961 1510 rectoris
993 1477 1182 1510 nomen
1213 1461 1390 1510 subire
1413 1461 1688 1519 sustinuit;
1722 1474 1798 1508 ve-

429 1552 547 1584 rum
563 1536 725 1585 alium·
739 1539 995 1604 quendam
1009 1550 1059 1588 et
1072 1539 1287 1589 fortunae
1299 1542 1533 1606 ignotum
1549 1536 1798 1590 honorem

431 1618 673 1680 quaesivit.
696 1620 820 1667 Nam
842 1608 1134 1687 eCapitolio
1154 1629 1269 1686 post
1283 1611 1610 1685 triumphum
1631 1619 1687 1666 in
1712 1634 1797 1667 cu·

430 1694 558 1741 riam
572 1695 785 1758 vehens,
806 1714 925 1746 cum
945 1715 974 1746 e
991 1685 1316 1764 principibus
1326 1698 1573 1747 exercitus
1586 1695 1796 1762 quidam

428 1774 760 1835 procurrisset
775 1784 1123 1842 eoronamque'
1134 1777 1310 1841 ignaro
1325 1775 1671 1841 imposuisset,
1691 1776 1799 1840 ipse

426 1849 727 1913 prehensam
754 1854 912 1902 iratus
948 1854 1190 1920 projecit,
1226 1854 1371 1919 quasi
1395 1854 1797 1921 ignominiosum

426 1926 525 1975 sibi
549 1939 688 1978 ratus
705 1965 719 1990 ‚
744 1932 817 1991 si,
840 1932 933 1996 qui
967 1941 1044 1979 tot
1063 1946 1208 1996 vreges
1243 1931 1300 1977 in
1336 1931 1639 1994 servitutem·
1660 1929 1796 1979 rede-

424 2005 575 2069 gisset
591 2039 607 2062 ,
633 2007 1175 2068 ipsamque-fortunam
1193 2018 1474 2067 superasset
1487 2043 1502 2067 ,
1525 2025 1613 2063 rex
1630 2008 1799 2074 adpel-
1852 2034 1855 2036 —

424 2078 629 2127 laretur.
660 2077 992 2127 Itafelicitate
1027 2077 1252 2146 repletus
1268 2114 1283 2138 ‚
1298 2082 1301 2088 ’
1315 2079 1400 2127 vix
1422 2078 1548 2126 deus
1570 2083 1726 2131 simul
1745 2092 1800 2130 et

423 2155 656 2222 pontifex
672 2193 687 2217 ‚
703 2166 754 2205 et
777 2155 988 2218 consul,
1003 2157 1066 2205 'et
1092 2166 1372 2222 perpetuus
1398 2167 1564 2207 rector
1578 2194 1592 2218 ‚
1615 2161 1799 2211 Roma-

425 2252 718 2302 norumque
741 2240 972 2302 primus,
996 2246 1138 2284 tutor
1156 2238 1528 2286 veroomnium
1549 2238 1686 2286 orbis
1703 2248 1797 2287 ter-

422 2329 596 2361 rarum
620 2329 797 2378 regum
811 2349 824 2373 ‚
856 2310 907 2362 et
931 2315 1166 2380 magister
1183 2315 1419 2380 equitum
1433 2351 1446 2374 ,
1476 2324 1526 2362 et
1545 2324 1688 2381 pater
1710 2332 1796 2382 pa-

424 2394 531 2441 triae
546 2429 559 2452 ‚
579 2403 629 2441 et
655 2391 930 2460 imperator
942 2430 955 2455 ‚
975 2404 1025 2457 et
1045 2404 1213 2443 eustos
1230 2393 1397 2454 urbiS,
1419 2405 1469 2444 et
1491 2396 1690 2461 primus
1709 2397 1796 2444 tri·

423 2471 687 2522 hunorum
708 2474 871 2540 plebis
884 2474 1126 2541 adpellari
1142 2474 1307 2524 voluit
1321 2512 1335 2536 ‚
1354 2477 1543 2525 vestem
1565 2475 1669 2524 haec
1688 2492 1795 2525 om-

424 2550 511 2599 nia
536 2551 845 2602 indicantem
866 2553 1081 2602 indutus
1109 2572 1121 2601 ι
1145 2553 1488 2620 ᾳιιεεᾳυίᾶεω
1513 2554 1794 2620 triumpha-

425 2626 490 2674 lis
506 2626 639 2675 dieta
661 2640 764 2688 est3
799 2647 967 2697 neque
1001 2631 1140 2679 enim
1174 2630 1318 2679 facile
1342 2641 1447 2680 erat
1465 2669 1478 2692 ‚
1502 2642 1603 2680 tam
1632 2633 1794 2682 multa

428 2702 715 2768 significans
746 2725 935 2758 nomen
957 2711 1086 2759 vesti
1110 2711 1344 2775 reperire.
1371 2713 1500 2758 Erat
1516 2719 1692 2758 'autem
1716 2721 1793 2759 tu-

427 2782 563 2843 nica,
582 2784 793 2835 interius
807 2805 1065 2854 purpurea
1079 2827 1094 2847 ,
1112 2791 1337 2838 exterius
1353 2806 1472 2838 vero
1491 2799 1593 2838 tota
1615 2806 1764 2838 aurea
1776 2824 1790 2847 ,

428 2860 573 2926 quasi
596 2859 752 2911 ducto
767 2879 893 2913 auro
908 2865 1092 2931 rigida3
1111 2882 1204 2914 nec
1226 2882 1334 2914 non
1350 2865 1459 2915 loro
1477 2881 1696 2931 superne
1714 2882 1791 2914 or-
