2748 3834
622 986 721 1033 DE
768 986 1433 1040 MAGISTRATIBUS

512 1197 1088 1278 REIPUBLICAE
1132 1201 1550 1263 ROMANAE

831 1432 1075 1478 LIBER
1118 1432 1222 1479 ΙΙΙ.

348 1656 647 1735 Hrs'romAE
669 1683 776 1750 lege
791 1721 804 1743 ‚
834 1693 894 1731 ut
917 1684 1128 1750 opinor,
1155 1683 1438 1747 observata,
1467 1698 1516 1737 et
1535 1705 1710 1736 secun·

343 1764 469 1812 dum
508 1763 650 1830 quod
689 1773 806 1811 ante
847 1762 1122 1829 pollicitus·
1139 1779 1253 1824 sum
1280 1802 1294 1826 ‚
1342 1767 1714 1832 magistratibus

345 1842 581 1891 civilibus
617 1842 859 1890 enarratis
881 1879 895 1901 ‚
945 1842 1112 1890 visum
1160 1852 1233 1890 est
1275 1843 1404 1891 mihi
1443 1846 1712 1911 proprium

345 1923 603 1990 quendam
629 1939 686 1970 ac
713 1921 1022 1987 singularem
1049 1921 1282 1970 libellum
1313 1923 1376 1971 de
1391 1927 1620 1974 ¹maximo
1643 1923 1715 1974 of-

345 2001 463 2049 ficio
490 2003 649 2065 primi
684 2002 1070 2064 magistratuum
1097 2000 1316 2048 historiae
1345 2002 1624 2067 subjicere,
1658 2006 1716 2052 in

344 2094 450 2145 quo
469 2079 586 2144 quis
602 2076 881 2143 pristinum‘
898 2076 1008 2141 ejus
1023 2076 1344 2142 splendorem
1363 2081 1717 2144 egregiamque
1749 2106 1754 2112 ·

345 2156 668 2223 disciplinam
703 2155 915 2204 obscure
943 2156 1238 2202 intueatur:
1272 2172 1428 2221 quam
1456 2173 1588 2222 pene
1611 2174 1717 2223 per-

345 2234 501 2282 ditam
526 2251 798 2299 generosus
824 2243 996 2281 noster
1019 2234 1294 2298 imperator
1313 2251 1419 2281 non
1447 2251 1621 2300 passus
1642 2246 1717 2283 est

307 2346 311 2348 v
345 2310 582 2360 funditus
608 2313 865 2376 extingui,
897 2312 1228 2376 continetque
1252 2311 1631 2377 quodammodo
1665 2323 1716 2361 et

345 2392 649 2456 constringit
672 2390 979 2439 dilabentem
1002 2400 1228 2456 tempore
1251 2393 1622 2456 antiquitatem.
1646 2394 1714 2439 Ac

345 2471 508 2534 major
523 2470 730 2536 quidem
745 2507 758 2529 ,
790 2487 944 2536 quam
967 2487 1134 2536 nuper
1148 2506 1161 2530 ‚
1181 2487 1272 2536 per
1292 2470 1440 2518 illum
1461 2481 1534 2518 est
1549 2487 1715 2536 respu-

342 2547 473 2595 blica
488 2585 501 2609 ,
519 2547 676 2609 Libya
691 2547 838 2596 nobis
852 2548 1046 2596 reddita
1061 2585 1074 2609 ‚
1095 2565 1202 2596 non
1217 2566 1372 2615 parvo
1384 2549 1522 2597 bono
1534 2587 1547 2609 ‚
1564 2553 1715 2597 Euro-

345 2633 511 2690 paque
527 2628 795 2674 maximam
810 2638 1004 2694 partem
1025 2627 1147 2693 (hac
1160 2629 1298 2676 enim
1318 2630 1372 2675 in
1388 2628 1710 2676 Occidentem

346 2705 657 2769 porrigitur3
683 2708 814 2753 sicut
844 2708 1103 2754 Orientem
1136 2717 1300 2755 totum
1331 2709 1439 2755 Asia
1458 2745 1471 2770 ,
1506 2706 1712 2770 solaque

350 2781 531 2829 tribuit
543 2786 586 2842 );
606 2785 710 2848 ipsa
726 2795 895 2832 autem
913 2789 1069 2833 Roma
1084 2823 1097 2845 ‚
1118 2787 1318 2851 imperii
1339 2796 1497 2833 matre
1509 2822 1521 2845 ‚
1541 2787 1711 2832 vincu-

349 2860 410 2909 lis
430 2869 479 2943 et
497 2859 753 2910 barbarica
784 2873 1026 2928 potestate
1045 2864 1227 2912 sudore
1251 2864 1566 2928 imperatoris
1589 2861 1708 2908 libe-
