2748 3834
825 489 902 531 ΠΒ.
934 487 1174 524 souma
1207 488 1387 524 mmo.
1650 471 1791 523 xxix

414 582 613 645 Ῑιατικῶν·
643 602 701 635 ea
727 586 938 651 posthac
966 604 1167 637 annexa
1188 586 1420 652 glossulae
1444 600 1550 635 esse
1576 602 1589 634 :
1616 583 1790 636 locum

429 678 598 721 autem
623 690 730 723 esse
752 675 826 723 sic
849 668 1158 724 vertendum
1186 694 1199 726 z
1224 676 1434 739 Scripsit
1450 676 1512 722 de
1525 672 1790 723 Memibus

430 760 614 814 librum
636 780 792 811 unum
817 781 836 811 .-
869 765 1027 827 deque
1059 763 1275 811 Ostenti⁸
1287 800 1308 824 ,
1345 772 1392 812 et
1409 764 1476 825 *de
1500 764 1622 814 aliie
1643 762 1789 811 rebus

426 850 801 899 mathematicis.
828 852 1061 910 alterum.
1095 852 1299 901 Verum
1328 849 1439 900 haec
1467 850 1787 914 conjectura:

425 935 557 997 illud
575 938 901 991 manifestum
927 949 1029 1004 est,
1065 941 1276 991 Kusteri
1298 941 1352 990 in
1381 948 1501 991 nota
1528 957 1635 990 esse
1651 956 1788 989 erra-

427 1031 538 1075 tum
553 1026 676 1089 ibid.
696 1045 814 1094 pag(
828 1031 915 1079 151
942 1032 1038 1078 :In
1057 1032 1174 1079 Cod.
1192 1032 1294 1080 Ms.
1313 1031 1436 1079 2432
1456 1037 1617 1086 [nunc
1633 1028 1788 1084 2381]

419 1117 759 1168 Bibliothecae
794 1122 972 1184 Regiae
1016 1123 1330 1170 Parisiensis
1381 1123 1527 1170 varia
1573 1121 1790 1168 Ioannis

427 1206 585 1270 hujus
628 1210 1094 1274 Philadelphensis‘
1124 1213 1369 1275 opuscula
1411 1212 1603 1258 inedita
1640 1209 1792 1257 conti-

428 1305 628 1353 nentum
673 1300 831 1348 veluti
853 1302 914 1348 de
939 1301 1164 1349 Sortibus
1182 1321 1206 1360 ,·
1251 1303 1313 1348 de
1352 1301 1522 1349 Terrae
1545 1299 1759 1349 motibus
1770 1317 1794 1357 ;

425 1385 702 1447 Diarium,
722 1407 811 1437 seu
822 1391 1144 1454 Ephemeri-e,
1168 1392 1399 1438 indicans
1417 1407 1512 1454 per
1527 1395 1683 1457 totum
1704 1402 1791 1434 an-

428 1491 547 1523 num
568 1487 706 1532 ortus
728 1489 776 1527 et
806 1498 1013 1528 occasus
1030 1483 1314 1545 signorum,
1342 1498 1402 1529 ex
1423 1480 1566 1528 libris
1585 1477 1793 1527 Claudii

433 1566 588 1612 Tusci
612 1569 685 1613 ad
703 1568 907 1616 verbum
924 1587 1087 1634 groece
1112 1587 1292 1629 versa;
1331 1572 1416 1634 περὶ
1440 1571 1682 1630 Διοσημειῶν
1697 1603 1711 1629 ,
1746 1573 1795 1612 et

430 1655 553 1702 alia.
588 1654 725 1704 Nam
765 1673 879 1721 quae
920 1658 1164 1724 leguntur
1194 1659 1249 1708 in
1283 1658 1405 1708 cod.
1434 1665 1609 1707 nostro
1643 1655 1788 1706 2581.

427 1741 516 1792 fol.
533 1763 595 1808 70
617 1756 746 1795 recto
760 1765 863 1814 -79
886 1767 1058 1810 verso,
1081 1748 1143 1798 de
1162 1729 1384 1821 sortibus
1396 1787 1409 1811 ,
1441 1748 1504 1798 de
1523 1757 1668 1798 terrae
1685 1763 1794 1795 mo-

428 1835 592 1898 tibus,
609 1843 887 1900 caeteraque
905 1838 1026 1900 alia,
1041 1855 1100 1886 ea
1113 1855 1209 1886 nec
1226 1839 1370 1888 varia
1389 1837 1635 1901 opuscula
1656 1843 1793 1899 sunt,

426 1940 523 1979 neo
554 1941 583 1972 e
618 1923 880 1987 pluribus,
923 1923 1011 1972 sed
1033 1942 1060 1972 e
1084 1929 1192 1974 solo
1215 1924 1278 1974 de
1301 1926 1549 1988 Ostentis,
1579 1926 1680 1994 hoc
1704 1931 1791 1987 est,

424 2013 511 2075 περὶ
554 2014 824 2075 Διοσημειῶν,
869 2009 1008 2076 Lydi
1040 2011 1175 2062 libro
1210 2011 1406 2061 hausta.
1449 2013 1760 2076 Quanquam
1774 2048 1789 2073 ‚

424 2099 547 2163 quia
569 2107 689 2148 sunt
715 2100 1019 2149 mirabiliter
1042 2099 1279 2164 confusa,
1298 2083 1558 2162 'Kustero‚
1597 2099 1688 2164 qui
1711 2097 1788 2147 di-

423 2204 572 2243 versa
591 2189 836 2254 opuscula
855 2188 1094 2254 credidit,
1131 2190 1286 2240 venia
1303 2188 1449 2238 facile
1470 2188 1581 2238 dari
1608 2194 1788 2253 potest.

491 2367 650 2416 XIII.
686 2369 975 2433 Homerum
991 2367 1151 2418 edidit
1166 2369 1255 2420 vir
1275 2367 1580 2418 immortalis
1599 2384 1789 2417 memo·
1876 2395 1967 2422 xm.

411 2454 514 2507 ¹riae
527 2458 559 2506 J
561 2475 749 2508 oannes
769 2459 826 2508 B.
848 2459 902 2507 C.
921 2458 1132 2509 d’Ansse
1155 2459 1218 2508 de
1236 2458 1504 2508 Villoison
1517 2494 1529 2517 ,
1552 2456 1789 2506 Venetiis
1810 2454 2032 2533 Τῗῖῑζωῗζῖω

433 2549 574 2612 1788.
603 2549 714 2600 Fol.
743 2567 860 2599 cum
878 2549 1087 2600 scholiis
1106 2567 1172 2600 ex
1200 2549 1402 2598 duobus
1422 2548 1641 2597 Venetis
1671 2565 1791 2597 uno·
1865 2552 1980 2582 venen.

429 2652 528 2700 que
547 2638 925 2704 Hamburgensi
942 2639 1131 2689 codice.
1147 2640 1230 2688 Ibi
1250 2655 1359 2705 pag.
1377 2638 1471 2687 551
1494 2636 1557 2685 ad
1574 2634 1718 2685 Iliad.
1734 2640 1787 2682 Ω.

433 2723 545 2787 617·
573 2725 673 2778 hoc
707 2710 1214 2794 Scholiumdegitur,
1253 2729 1565 2791 descriptum
1588 2742 1653 2773 ex
1679 2722 1787 2771 cod.

431 2809 616 2860 Venet.
635 2830 854 2864 ccccmu
873 2817 1206 2866 aVilloisone
1220 2818 1365 2866 litera
1377 2817 1433 2865 Β.
1456 2815 1649 2889 513ῃᾶῑο
1660 2848 1674 2874 ,
1699 2808 1790 2872 qui
