2748 3834
606 497 983 533 nmrnnmcuz
1020 496 1298 529 nonnus
1332 497 1436 529 mn.
1471 497 1503 530 r.
1670 483 1735 543 45

366 578 533 635 VatuS,
553 585 603 623 et
620 574 851 623 Flaccum
863 611 878 632 ,
898 573 982 620 cui
1001 571 1214 635 majores
1232 586 1402 631 aures,
1425 581 1474 619 et
1486 573 1735 634 Navium,

366 654 452 700 cui
507 652 715 700 maculae
762 651 1006 718 genitivoe.
1049 649 1327 697 Nominum
1366 650 1511 698 Lucii
1551 651 1735 706 Licinii

364 731 523 779 Crassi
552 732 780 797 primum
818 729 1013 776 oriente
1047 725 1151 774 sole
1189 737 1367 775 natum
1393 762 1407 786 ,
1451 727 1734 778 secundum

364 825 506 856 coma
521 810 747 874 crispum
764 841 780 866 ‚
801 805 1010 853 tertium
1025 819 1294 852 carnosum
1311 814 1361 853 et
1373 804 1732 871 corpulentum

361 896 506 935 sonat
521 904 535 946 ;
558 889 761 934 Crassus
779 883 918 931 enim
936 882 1000 930 ab
1016 882 1393 949 antiquioribus
1415 883 1550 932 Italis
1567 884 1735 935 dictus

361 974 461 1024 est,
485 965 579 1030 qui
599 972 781 1011 natura
799 977 1008 1026 corpore
1026 960 1191 1009 obeso,
1206 962 1435 1011 Pinarius
1452 973 1599 1011 sonat
1618 980 1728 1012 esu·

359 1044 600 1101 rientem5
619 1045 775 1090 States
788 1051 928 1089 aetate
940 1043 1192 1107 vigentem
1205 1078 1218 1102 ,
1238 1044 1449 1091 Faustus
1467 1051 1517 1090 et
1532 1042 1730 1092 Flavius

357 1119 694 1179 benevolum,
720 1120 972 1185 Caius(id
997 1130 1097 1180 est,
1124 1119 1371 1186 gaudius)
1401 1121 1692 1184 jucundum
1712 1158 1727 1181 ‚

358 1198 587 1248 Tiberius
605 1198 669 1250 ad
688 1198 909 1246 Tiberim
931 1198 1123 1246 flumen
1151 1208 1326 1247 natum
1343 1235 1356 1259 ‚
1381 1199 1523 1247 Titus
1538 1215 1566 1247 a
1584 1201 1726 1248 Tatio

356 1278 544 1328 Sabino
572 1287 742 1327 ortum
759 1315 773 1338 ‚
803 1279 1000 1344 Appius
1018 1279 1073 1325 in
1094 1279 1255 1344 Appia
1285 1281 1431 1344 (quae
1445 1288 1518 1327 est
1541 1280 1620 1327 via
1647 1280 1726 1327 in·

357 1358 537 1425 signis)
580 1357 894 1422 habitantem
909 1393 923 1418 ‚
963 1357 1164 1405 Servius
1201 1367 1413 1405 mortuae
1446 1358 1621 1406 matris
1664 1374 1725 1406 ex

302 1455 306 1460 ·
355 1448 502 1486 utero
515 1448 764 1487 servatum
782 1474 794 1497 ,
810 1439 939 1485 Nero
950 1473 963 1496 ‚
981 1436 1283 1484 Sabinorum
1298 1435 1472 1503 lingua
1483 1473 1497 1496 ‚
1516 1435 1696 1485 fortem
1707 1473 1737 1498 ‚.

352 1516 481 1563 Naso
510 1530 752 1563 nasonem
772 1551 785 1574 ‚
830 1519 995 1562 Tucca
1016 1516 1338 1564 carnivorum
1365 1515 1553 1580 (quem
1579 1531 1722 1564 nunc

353 1593 545 1640 Ziccam
585 1592 751 1640 idiotae
778 1587 1101 1658 adpellant),
1121 1595 1283 1641 Varus
1316 1602 1367 1640 et
1400 1591 1608 1652 Blaesus,
1634 1592 1735 1639 cui·

351 1686 499 1718 crura
526 1670 734 1738 obliqua
750 1708 763 1731 ‚
801 1663 1043 1720 Serranus
1078 1670 1347 1737 agricolam
1365 1706 1379 1731 ‚
1416 1687 1444 1718 a
1478 1669 1690 1718 serendo
1704 1705 1718 1729 ‚

349 1749 607 1813 Augustus
639 1749 771 1798 boni
799 1751 1016 1809 ominis,
1061 1748 1371 1816 ‹tt-Vitellius
1396 1765 1567 1796 crocea
1594 1746 1732 1795 facie.

346 1823 624 1875 hominem.
645 1827 800 1892 (quia
819 1826 1051 1873 vitellum
1072 1828 1287 1873 Romani
1315 1826 1503 1875 flavum
1527 1828 1611 1875 ovi
1628 1842 1718 1874 vo-

345 1906 492 1963 cant)
507 1940 521 1963 ,
541 1907 699 1951 Varro
714 1939 727 1962 ‚
747 1902 1003 1951 Phoenicia
1017 1902 1192 1967 lingua
1205 1938 1220 1961 ,
1235 1902 1501 1962 Judaeum,
1512 1903 1733 1963 Celtica„

296 2016 299 2018 ,
341 1980 637 2047 strenuum:
655 1977 792 2021 Talia
810 1978 975 2021 multa
991 1978 1226 2038 colligere
1241 1996 1334 2040 per
1355 1982 1520 2026 otium
1536 1982 1734 2044 possit„

342 2054 428 2102 cui
446 2051 574 2101 forte
590 2089 603 2112 ,
619 2051 760 2118 quod
778 2061 890 2117 agat
908 2067 1015 2098 non
1034 2049 1244 2117 habenti
1259 2087 1272 2110 ,
1290 2052 1399 2099 sine
1416 2056 1721 2104 cura'vivere
1742 2115 1748 2120 q

342 2132 605 2197 contingat
620 2167 633 2190 ‚
666 2139 819 2195 atque
836 2128 1117 2193 ejusmodi,
1148 2128 1338 2194 quibus
1360 2130 1574 2179 stolidus
1594 2148 1686 2198 ego
1701 2169 1730 2193 ‚‚

335 2211 574 2275 quamvis
592 2208 878 2256 innumeris
902 2205 1189 2272 implicitus
1199 2207 1721 2268 curis,loblectamen*

294 2307 298 2309 ·
341 2289 406 2336 tis
423 2287 655 2354 vigilare..

634 2433 804 2465 muru
837 2419 1032 2466 ELECTIO
1047 2452 1061 2476 ‚
1097 2430 1408 2474 Quum-ons.

406 2540 486 2608 alf.
519 2547 691 2596 Fidem
726 2537 1058 2614 scriptoribus
1086 2546 1284 2595 addunt
1309 2556 1537 2595 veterum
1574 2548 1706 2595 testi-

338 2626 523 2673 monia.
549 2628 734 2675 Junius
751 2628 908 2692 igitur
924 2625 1249 2674 Gracchanus
1264 2661 1277 2685 ‚
1313 2626 1366 2672 in
1386 2625 1516 2673 libro
1535 2624 1597 2673 de
1618 2627 1707 2672 Po-

340 2696 626 2764 testatibus‚
670 2704 750 2752 his
774 2705 895 2771 ipsis
912 2696 1078 2753 verbis
1097 2703 1160 2751 de
1183 2704 1427 2771 quaestore
1458 2707 1704 2754 Romano·

392 2847 441 2898 3)
467 2845 567 2888 Cod-
603 2850 742 2900 βλέσος.
775 2851 823 2901 4)
858 2851 958 2892 Cod.
986 2853 1172 2904 βιτέλλιον.
