2748 3834
742 478 1117 511 ntlpunblcmz
1152 479 1422 512 RouANAE
1456 481 1561 513 mn.
1597 482 1654 513 11.
1816 485 1884 534 99

520 546 782 613 dequibus
798 550 853 597 in
870 549 1002 598 libro
1019 548 1082 598 de
1093 547 1264 598 officio
1282 550 1632 622 praefectorum
1649 558 1883 620 praetorio

518 625 673 693 paulo
691 637 806 693 post
823 627 1138 677 disseremus.
1158 630 1479 679 Mansuetum
1498 640 1668 681 tamen
1689 635 1741 685 se
1760 635 1882 685 civi·

519 705 618 755 bus
640 705 856 771 praebuit
877 725 888 756 :
917 705 1056 757 unde
1080 708 1292 756 Romani
1310 705 1373 758 de
1395 726 1455 757 eo
1470 710 1635 776 patrio
1653 709 1884 765 sermone

518 784 788 835 dixerunt:
813 786 1009 837 utinam
1028 802 1120 835 nec
1139 796 1309 847 natus,
1324 804 1417 836 nec
1435 798 1669 839 mortuus
1683 786 1880 841 fuum!

522 861 777 929 Optabant
813 864 1007 930 quippe
1021 901 1034 925 ,
1058 874 1238 913 natum
1270 882 1376 917 non
1405 864 1559 919 fuisse
1572 902 1588 926 ‚
1621 867 1715 932 qui
1750 867 1888 921 solus

522 944 769 993 Caesarum
784 941 1130 1010 principatum
1144 941 1410 1003 firmasset3
1428 943 1604 1004 iidem,
1621 954 1884 998 mortuum

522 1039 629 1073 nou
641 1021 814 1081 fuisse,
829 1023 920 1087 qui
940 1032 991 1069 et
1007 1033 1299 1073 mansuetus
1309 1023 1505 1083 fuisset,
1525 1034 1575 1072 et
1596 1024 1891 1077 domesticas

520 1098 762 1150 factiones
773 1099 1081 1154 sustulisset:
1105 1118 1272 1167 neque
1297 1103 1438 1151 enim
1470 1111 1585 1169 post
1613 1101 1763 1163 illum
1790 1102 1890 1153 bel·

522 1175 632 1229 lum
648 1176 795 1227 civile
815 1177 1101 1231 conflatum·
1111 1189 1200 1228 est.

590 1255 637 1314 [ι’.
658 1258 803 1305 Veste
820 1267 990 1309 autem
1012 1257 1251 1308 utebatur
1266 1294 1280 1320 ,
1303 1275 1426 1325 pace
1443 1296 1459 1320 ,
1494 1269 1556 1308 ut
1574 1269 1693 1326 pote
1719 1257 1888 1325 ponti-

523 1333 601 1383 fex
627 1334 648 1400 (
669 1334 722 1381 id
752 1345 855 1394 est,
878 1338 1079 1402 ἀρχιερεὺς
1110 1338 1377 1403 γεφυραῖος),
1402 1354 1660 1404 purpurea
1680 1357 1689 1383 ε
1717 1335 1888 1395 talari,

522 1413 840 1475 sacerdotali,
859 1430 985 1463 auro
998 1414 1262 1463 lanciolata
1278 1451 1293 1476 ,
1314 1425 1367 1464 et
1390 1415 1545 1482 pallio
1563 1416 1750 1482 pariter
1768 1430 1890 1479 pur-

521 1506 708 1555 pure0,
728 1492 783 1538 in
805 1507 982 1542 aureos
998 1491 1163 1546 sulcos
1176 1492 1436 1544 desinente
1454 1511 1468 1549 ;
1493 1500 1748 1562 caputque
1771 1506 1890 1556 ope-

522 1563 682 1615 riebat
702 1601 716 1624 ‚
747 1564 814 1615 ob
831 1583 1023 1628 causas»,
1041 1583 1168 1638 quas
1187 1571 1242 1620 in
1266 1566 1400 1618 libro
1418 1583 1534 1625 meo
1549 1566 1612 1615 de
1629 1566 1890 1615 mensibus

522 1645 796 1694 memoravi
816 1663 829 1695 ς
861 1644 996 1695 bello
1013 1653 1184 1697 autem
1203 1646 1576 1716 paludamentis
1600 1645 1621 1715 (
1639 1663 1750 1718 quae
1767 1655 1889 1700 sunt

522 1722 751 1791 duplices
777 1724 940 1789 leenae,
970 1744 999 1776 e
1018 1744 1167 1784 cocco
1185 1764 1198 1789 ,
1224 1727 1355 1776 torta
1380 1738 1573 1777 metaxa
1591 1726 1888 1798 praestantis·

521 1802 675 1866 sima,
704 1804 861 1855 fibula
880 1823 1031 1856 aurea
1046 1844 1060 1868 ‚
1085 1814 1358 1874 gemmata,
1382 1809 1437 1856 in
1460 1807 1690 1862 humeris
1708 1805 1889 1858 coerci-
1912 1875 1915 1878 ἢ

522 1890 604 1931 tae:
623 1899 778 1949 quam
806 1882 1020 1949 fibulam
1038 1901 1156 1945 nos,
1180 1886 1312 1938 sicut
1342 1885 1484 1951 Itali,
1506 1887 1770 1945 vocamu83
1790 1898 1891 1931 cor-

519 1961 804 2026 nucopium
829 1977 947 2013 vero
969 1959 1213 2028 peculiari
1234 1961 1457 2028 quodam
1479 1964 1690 2015 nomine
1706 1963 1761 2009 in
1776 1959 1891 2009 aula

518 2034 802 2078 etiamnum
818 2038 1030 2076 vocatur
1042 2041 1090 2087 )·:
1106 2037 1161 2077 in
1180 2039 1429 2086 conviviis
1441 2038 1631 2098 limbiS,
1648 2039 1790 2105 (sunt
1804 2037 1892 2091 ,au-

519 2118 618 2156 tem
635 2106 843 2161 lacernae
857 2122 1128 2174 purpureae
1142 2106 1354 2167 {talares
1366 2144 1379 2168 ‚
1396 2109 1667 2162 maeandris
1678 2111 1864 2165 orhatae
1878 2147 1893 2171 ‚

519 2188 651 2235 circa
670 2174 913 2240 humeros
927 2189 1094 2239 aureis
1105 2187 1474 2240 tabulamentis
1487 2225 1500 2247 ‚
1522 2189 1575 2236 id
1590 2199 1663 2238 est
1674 2227 1688 2250 ‚
1705 2193 1893 2256 pannis

521 2260 862 2315 canaliculatis
879 2262 1160 2333 fulgentes)
1183 2275 1233 2312 et
1244 2265 1538 2333 *paragaude
1555 2258 1892 2332 aurigamma‚

523 2342 576 2404 id
596 2352 669 2392 est
685 2379 699 2404 ,
732 2342 906 2395 tunica
939 2343 1105 2393 aureis
1126 2345 1339 2411 gammis
1361 2343 1625 2394 lanciolata
1646 2382 1660 2406 ‚
1683 2361 1712 2393 a
1728 2343 1891 2401 limbo

522 2422 652 2471 circa
676 2420 828 2488 pedes
858 2422 1067 2490 imoque
1100 2423 1277 2485 vestis,
1304 2422 1368 2477 ab
1394 2433 1615 2490 utroque
1636 2422 1813 2484 latere,
1834 2424 1888 2471 in

578 2573 623 2622 5)
644 2575 715 2615 ’τήν
729 2597 745 2604 -
761 2575 889 2619 οίὶτίας.
905 2571 1050 2626 Lydus
1068 2571 1116 2611 in
1139 2572 1262 2625 opere
1276 2570 1326 2612 de
1343 2571 1560 2612 mensibus.
1589 2571 1675 2626 (V.
1700 2578 1889 2626 excerpta

526 2649 579 2674 ex
592 2635 670 2675 hoc
683 2650 824 2690 opere,
840 2651 930 2691 pag.
947 2636 1007 2692 9.)
1027 2652 1038 2678 ε
1056 2639 1144 2677 ἶδιον
1157 2640 1212 2677 ἀεὶ
1226 2641 1350 2690 γέγονε
1363 2644 1433 2681 τῶν
1447 2641 1640 2692 ἀρῃερέων
1657 2642 1721 2682 τὴν
1739 2640 1890 2690 κεφαλὴν

527 2703 665 2738 σκέπειν
683 2702 704 2742 ἦ
724 2702 926 2754 διακοσμεῖν
944 2707 1079 2757 ταινίᾳ,
1100 2706 1160 2742 καὶ
1176 2710 1286 2744 τοῦτο
1299 2705 1407 2747 δῆλον
1421 2706 1462 2747 ἐκ
1479 2711 1549 2744 τῶν
1567 2709 1740 2750 Aet-imu-

582 2762 630 2808 6)
656 2761 755 2802 Cod-
777 2767 1052 2818 ἀναπαζόμενᾳι.

585 2827 631 2876 7)
657 2827 751 2870 Post
764 2831 822 2873 &zet
839 2829 1004 2872 videm
1023 2831 1214 2875 excidisse
1230 2834 1283 2871 δὲ.

1622 2912 1639 2940 1
1652 2893 1678 2940 3
1706 2900 1726 2924 ²
