2748 3834
935 497 1043 558 xxij
1357 482 1862 540 COM‘MENTAmus

928 605 1166 664 nlodum‚
1190 602 1282 649 col.
1307 601 1403 648 408
1425 615 1436 645 ε
1461 593 1743 658 Εςρατεύσατο
1767 597 1803 640 δ’
1821 594 1935 647 οὗτος
1956 601 2088 662 ὄάνὴρ
2110 601 2184 647 ὑπὸ
2203 607 2282 654 τοῖς

930 696 1115 754 ὑπάρχοις
1132 725 1145 746 ,
1168 697 1274 750 ἄγων
1296 688 1442 736 ἡλικίας
1463 681 1527 725 ἦ·
1556 686 1620 735 ἔτη
1655 683 1699 728 δὲ
1723 680 1754 745 ᾖ
1784 684 1980 747 δικολόγος
2005 685 2058 731 ὼν
2074 723 2088 744 ,
2119 691 2202 735 εἶτα
2217 692 2283 736 καὶ

925 780 1245 841 ματρικουλοὲριος
1283 772 1347 835 (f.
1378 775 1692 837 κορνικουλοίριος
1709 776 1743 831 )·
1775 775 1857 834 μεθ’
1877 776 1918 820 ὃν
1949 780 2090 840 χρόνον
2116 778 2180 822 καὶ
2213 780 2281 829 τὰς

925 869 1123 930 εἰρημένας
1143 868 1242 928 λέγει
1266 849 1486 927 συγγράψαι
1507 865 1793 926 πραγματείας,
1817 866 1880 909 καὶ
1901 874 1968 915 τῆς
1991 865 2193 924 βασιλικῆς
2214 865 2283 910 αὖ·

916 959 995 1007 ,λῆς
1014 957 1129 1019 ψήφῳ
1147 957 1336 1014 βασιλέως
1355 952 1587 1005 ἀξιωθῆναι.
1604 954 1759 1015 Χρόνος
1782 953 1840 1011 δὲ,
1860 953 1959 999 καθ’
1979 956 2021 1000 ὃν
2041 952 2155 1006 οὗτος
2174 955 2278 1015 ε’ὃίω,

918 1044 1154 1096 Α’ναςασίου
1174 1051 1312 1092 ἥπτετο
1338 1050 1406 1092 τῆς
1423 1043 1618 1093 ὅασιλείας
1642 1077 1656 1100 ‚
1680 1044 1746 1088 καὶ
1773 1047 1839 1094 τὴν
1861 1032 2042 1098 Ῐουςίνου
2071 1034 2276 1109 ἐπὲραίου,

915 1141 1068 1198 «μετρῶν
1103 1135 1167 1179 καὶ
1205 1137 1275 1179 τοῦ
1310 1133 1393 1192 μετ’
1420 1133 1560 1179 ἐκεῖνον
1586 1121 1846 1202 Ϊοὺςωιανοῦ.
1873 1139 1954 1185 Τὴν
1993 1135 2035 1181 δὲ
2065 1137 2278 1198 θρησκείαν

920 1227 941 1268 ὁ
965 1227 1060 1284 ἀνὴρ
1083 1225 1183 1266 ἔοικε
1214 1221 1458 1283 δεισιὸαήαων
1497 1226 1605 1269 εἶναι’
1629 1226 1778 1271 σέὸεται
1806 1225 1875 1285 μὲν
1901 1226 1952 1271 τὰ
1971 1215 2155 1274 Ἑλλήνων
2171 1258 2187 1280 ,
2213 1223 2278 1268 καὶ

917 1315 1077 1366 Ξειοὶζει·
1099 1313 1247 1364 &emicet
1266 1311 1309 1356 δὲ
1329 1312 1394 1356 καὶ
1411 1313 1461 1357 τὰ
1476 1316 1658 1377 ἡμέτερα,
1680 1317 1733 1374 μὴ
1753 1312 1882 1365 διδοὺς
1899 1317 1978 1366 τοῖς
1991 1317 2278 1376 ἀναγινώσκου-

917 1419 975 1447 σιν
999 1401 1040 1444 ἐκ
1062 1406 1129 1447 τοῦ
1150 1402 1280 1464 ῥᾴςου
1306 1403 1519 1462 συμὸαλεῖν
1533 1439 1546 1464 ‚
1579 1407 1741 1467 πότερον
1769 1406 1871 1450 οὕτω
1892 1407 2060 1466 νομίζων
2086 1407 2240 1458 ἓειοὶζει
2261 1440 2275 1466 ,

914 1493 938 1537 ἢ
974 1491 1026 1539 ὡς
1056 1490 1310 1543 ἐπὶ,σκηνῆς.
1348 1489 1502 1550 Quod
1532 1491 1833 1541 universum
1851 1490 2103 1555 judicium
2126 1491 2166 1538 si
2193 1489 2278 1538 cui

913 1578 1089 1627 durius
1114 1578 1352 1629 videatur
1369 1618 1382 1643 ‚
1406 1589 1606 1646 reputet
1627 1583 1672 1631 is
1690 1599 1887 1644 secum,
1915 1580 2160 1630 Photium
2181 1617 2194 1642 ‚
2216 1587 2274 1628 ut

911 1677 1015 1716 erat
1042 1677 1223 1719 natura
1255 1689 1402 1735 asper
1445 1680 1597 1735 atque
1646 1671 1860 1721 invidus
1879 1709 1892 1734 ,
1940 1687 2005 1719 ne
2045 1669 2274 1734 patribus

908 1757 1116 1821 quidem
1144 1762 1462 1824 pepercisse:
1495 1760 1721 1809 multum
1757 1778 1864 1809 esse
1896 1760 1953 1809 in
1985 1761 2034 1808 S.
2060 1760 2274 1809 Joannis

905 1848 1260 1914 chrysostomi
1277 1851 1581 1899 criminibus
1599 1851 1956 1915 percensendis
1976 1868 1989 1898 :
2005 1851 2054 1899 S.
2075 1852 2271 1899 Irenaeo

906 1937 1052 1987 falsas
1066 1940 1547 2003 argumentationes,
1570 1940 1822 2004 Gregorio
1843 1941 2083 2004 Nysseno
2099 1938 2266 1987 distri*

906 2028 1172 2077 butionem
1196 2030 1376 2094 parum
1398 2037 1564 2096 aptam
1582 2024 1599 2092 ¹,
1629 2030 1745 2079 aliis
1768 2030 1864 2079 alia
1882 2029 2132 2093 'objecisse
2148 2067 2161 2090 ,
2185 2045 2266 2077 eof·

908 2134 1006 2181 que
1024 2119 1231 2168 nomine
1248 2121 1351 2185 jam
1371 2138 1399 2170 a
1415 2120 1667 2185 theologis
1686 2120 1859 2169 saeculi
1879 2119 2157 2184 superiori-s
2170 2118 2268 2166 mi-

908 2223 1006 2255 nus
1034 2224 1139 2256 esse
1170 2206 1457 2273 probatum.
1493 2208 1729 2258 Potuisse
1757 2207 1980 2272 denique
2003 2223 2149 2269 eum,
2180 2204 2272 2269 qui

906 2294 1115 2360 grandes
1140 2314 1198 2345 ac
1225 2295 1477 2362 perfectos
1508 2297 1780 2362 scriptores
1805 2295 2027 2360 integros
2049 2294 2235 2359 legeret
2253 2330 2268 2356 ‚

907 2385 1121 2435 Ctesiam
1138 2425 1149 2449 ‚
1168 2387 1565 2456 Theopompum
1579 2427 1592 2452 ,
1617 2385 2047 2454 Agatharchidem
2067 2421 2085 2440 ‚·
2104 2387 2267 2434 Mem-

906 2490 1092 2523 nonem
1109 2514 1120 2537 ,
1137 2478 1417 2543 Polybium
1432 2517 1445 2542 ,
1467 2477 1760 2527 Diodorum
1781 2475 2015 2526 Siculum
2029 2511 2043 2536 ‚
2065 2473 2267 2537 Diony-

908 2564 1040 2614 sium
1063 2567 1587 2634 Halicarnassensem,
1608 2569 1903 2634 Appianum
1919 2603 1932 2628 ‚
1955 2565 2235 2615 Arrianum
2252 2599 2266 2624 2

907 2653 962 2701 in
984 2661 1119 2705 tanta
1138 2659 1453 2722 optimorum
1479 2658 1626 2724 copia'
1649 2675 1733 2706 eos
1750 2694 1763 2720 ,
1789 2656 1880 2721 qui
1899 2662 2019 2704 sunt
2038 2651 2265 2703 secundo

907 2741 1049 2802 loco,
1073 2744 1342 2811 despicere.
1383 2747 1498 2795 Nos
1531 2753 1702 2795 autem
1722 2781 1736 2808 ,
1779 2744 1870 2808 qui
1901 2743 2126 2807 antiquis
2158 2741 2262 2790 illis

908 2841 992 2882 aut
1010 2837 1221 2886 omnino
1242 2844 1329 2898 aut
1348 2853 1530 2903 magna
1548 2854 1613 2888 ex
1637 2842 1779 2903 parte
1795 2851 2022 2884 caremus
2039 2871 2051 2898 ,
2067 2833 2267 2889 utin-arn
