2748 3834
888 507 970 541 DE
1004 506 1243 542 JoANNE
1277 506 1463 539 LYno.
1761 492 1859 542 xix

491 606 682 656 cariosa
721 623 831 656 saec.
870 619 976 654 1111
1010 605 1273 669 scriptum.
1311 604 1432 665 Quo
1466 603 1519 652 in
1558 591 1668 653 cod.
1705 620 1858 670 quem

494 698 663 748 solum
685 705 837 763 atque
861 713 1027 746 unum
1047 711 1307 761 superesse
1325 695 1560 759 arbitror,
1579 712 1707 762 aegre
1728 694 1859 758 fero,

486 785 626 835 nihil
653 801 808 850 quam
837 783 1065 849 primum
1104 784 1272 850 operis
1311 789 1433 847 τόμον
1468 801 1733 850 superare,
1766 802 1860 835 nec

491 877 641 927 illum
661 875 869 942 quidem
886 877 1155 943 integrum.
1173 878 1353 943 Ipsum
1372 885 1630 928 auctorem
1644 877 1859 928 aliicum

494 965 694 1016 Joanne
726 965 1057 1016 Antiocheno
1080 967 1396 1018 Scholastico
1417 967 1711 1018 Patriarcha
1730 967 1859 1018 Con-

494 1054 951 1121 stantinopolitano
988 1056 1357 1121 confuderunt,
1398 1056 1486 1107 alii
1515 1073 1633 1107 cum
1662 1058 1860 1108 Ioanne

495 1145 713 1211 Malela,
751 1146 839 1197 alii
870 1148 1016 1200 aliter
1049 1168 1058 1198 :
1087 1167 1182 1223 riec
1206 1150 1429 1215 reperire
1453 1149 1600 1215 potui
1630 1150 1721 1218 qui
1758 1148 1860 1198 dis-

494 1237 706 1288 tinctius
738 1237 801 1287 de
830 1237 922 1290 illo
954 1248 1118 1306 ageret
1155 1257 1309 1306 quam
1344 1240 1505 1290 Henr.
1530 1238 1705 1289 Vales.
1743 1238 1862 1289 edit.

494 1328 707 1395 Evagrii
725 1329 968 1380 Annotat.
989 1348 1098 1398 pag.
1119 1347 1212 1381 122
1238 1349 1248 1380 t
1273 1332 1463 1397 quippe
1475 1330 1740 1380 Fabricius
1756 1331 1864 1395 ipse

497 1417 742 1470 Biblioth.
761 1419 926 1470 Graec.
945 1420 1071 1470 Vol.
1091 1421 1175 1470 VI
1195 1439 1302 1487 pag.
1333 1420 1453 1484 686,
1475 1437 1592 1470 eum
1610 1418 1641 1469 J
1643 1436 1861 1469 oannem

499 1504 884 1563 Antiochenum
923 1514 1156 1563 nominat
1195 1531 1205 1563 t
1249 1514 1394 1578 quasi
1442 1531 1568 1564 vero
1610 1513 1862 1578 Evagriu's

500 1600 514 1659 (
531 1599 622 1662 qui
658 1601 713 1650 in
743 1601 858 1651 loco
887 1602 962 1652 ibi
995 1620 1023 1672 a
1062 1603 1300 1652 Fabricio
1326 1602 1475 1652 allato
1487 1596 1756 1652 'Joannem
1780 1617 1862 1665 ap-

495 1687 652 1753 'pellat
680 1690 845 1741 civem
876 1709 1027 1742 suum
1050 1696 1067 1751 )
1093 1691 1376 1744 Antiochia
1403 1691 1583 1757 fuerit,
1616 1707 1722 1741 non
1744 1689 1863 1755 Epi-

498 1776 702 1842 phania.
1119 1783 1123 1788 ’

491 1967 500 1973 ’
561 1954 720 2004 VIII.
755 1955 960 2006 Verum
998 1954 1108 2005 haec
1142 1954 1206 2004 de
1246 1936 1444 2006 Joanue
1492 1957 1717 2007 breviter
1752 1973 1866 2023 per·

489 2043 719 2108 strinxi,
753 2050 835 2108 ut,
880 2044 1316 2110 quemadmodum
1358 2045 1704 2096 Orientalium
1744 2035 1870 2114 *pross-

495 2128 795 2185 -vinciarum
824 2144 932 2184 saec.
963 2149 1045 2184 vn
1080 2135 1354 2186 amissione
1391 2135 1515 2186 libri
1540 2134 1869 2200 complurimi

496 2225 652 2274 simul
695 2226 1037 2289 evanuerint,
1088 2242 1196 2275 uno
1243 2225 1485 2291 exemplo
1540 2225 1868 2290 explicarem.

495 2315 610 2365 Nec
646 2316 821 2388 minus
859 2315 999 2382 Lydi
1028 2315 1192 2365 multa
1223 2316 1538 2382 exemplaria
1569 2314 1748 2365 eodem
1786 2315 1870 2364 in-

495 2405 1015 2473 cendio'conflagra're
1039 2423 1243 2457 necesse
1262 2406 1363 2457 fuit
1387 2424 1397 2455 z
1422 2407 1703 2473 praesertim
1729 2406 1773 2455 si
1796 2422 1869 2454 re-

495 2504 756 2563 putamuS,
778 2498 983 2565 Syriam
1002 2506 1052 2548 et
1069 2499 1376 2565 AEgyptum,
1395 2505 1506 2547 tum
1527 2513 1741 2563 semper,
1761 2505 1872 2547 tum

497 2588 726 2638 maxime
760 2596 908 2639 sex'to
947 2591 1268 2656 septimoque
1297 2589 1512 2648 saeculo‚
1558 2587 1874 2654 receptacula

496 2677 655 2729 fuisse
689 2681 896 2747 magicae
919 2680 1239 2748 fatidicaeque
1279 2680 1563 2747 disciplinae
1594 2719 1607 2744 ,
1644 2679 1871 2746 philoso-

498 2766 720 2832 phisque
733 2778 784 2819 et
799 2771 1066 2838 astrologis
1081 2770 1306 2835 refertas,
1324 2771 1552 2821 certatim
1572 2769 1870 2832 conquiren-

502 2854 1045 2914 tibusmathematicos
1067 2861 1221 2911 ac.ful
1236 2861 1434 2927 gurales
1458 2860 1631 2908 libros.
1656 2855 1873 2905 Itarari·

1553 2964 1580 2995 ε
1609 2964 1648 3009 ι]

1963 1951 2040 1977 vm.

1954 2010 2055 2039 photii

1916 2058 2093 2088 Patriarchae

1899 2108 2109 2136 testimouium

1926 2155 1963 2184 de
1988 2155 2081 2193 Lydo.
