2748 3834
656 519 1039 555 nmrnnmcsn
1074 520 1338 552 nomine
1371 521 1479 554 mn.
1515 523 1600 554 111.
1708 507 1804 555 233

445 603 610 643 totum
646 593 776 644 forte
812 610 950 643 mare
978 609 1164 642 aurum
1202 591 1298 641 sibi
1334 592 1643 662 profundere
1665 595 1804 655 Karbi-

445 678 645 723 trante's.

514 752 593 808 46.
630 755 694 800 At
718 751 921 801 fortuna
942 751 1214 801 crudeliter
1231 750 1486 799 dominata
1506 752 1669 817 specie
1687 768 1808 818 quo-

447 846 548 894 que
597 829 1046 879 administrationis
1089 846 1268 878 nervos
1311 828 1600 894 reipublicae
1643 828 1806 879 solvit.

446 911 570 957 Nam
596 927 715 957 cum
740 910 947 957 curialia
976 909 1181 975 collegia
1208 908 1494 957 civitatibus
1514 917 1806 974 praeessent,

444 1003 503 1034 ac
541 986 755 1034 militem
791 998 1154 1047 sustentarent,
1186 1004 1402 1053 vereque
1439 986 1805 1052 rempublicam

448 1064 859 1125 moderarentur,
885 1067 1113 1114 Marinus
1138 1065 1347 1131 quidam
1372 1082 1400 1114 e
1417 1065 1718 1124 scriniariis,
1746 1073 1807 1110 ut

443 1153 651 1202 vocant,
674 1143 933 1192 orientalis
955 1144 1210 1203 dioecesis,
1246 1159 1363 1191 cum
1383 1159 1436 1192 se
1455 1141 1632 1191 callide
1654 1140 1806 1189 rebus

447 1222 772 1282 insinuasset,
794 1223 1086 1287 imperatori
1112 1221 1404 1287 persuadet,
1428 1230 1488 1269 ut
1519 1229 1674 1269 totam
1707 1218 1806 1267 sibi

444 1297 832 1363 rempublicam,
860 1299 1050 1347 tributa
1062 1298 1361 1358 vendituro,
1387 1296 1553 1346 credat
1577 1333 1592 1358 ,
1619 1312 1804 1344 aurum

443 1391 496 1423 se
514 1375 805 1440 imperatori
818 1375 1206 1424 conciliaturum
1220 1375 1490 1443 pollicitus.
1504 1377 1619 1423 Erat
1633 1384 1802 1423 autem

444 1450 528 1499 ille
551 1451 681 1499 lucri
707 1452 863 1518 paulo
886 1455 1161 1514 amantior,
1186 1464 1246 1503 ut
1274 1463 1392 1520 pote
1415 1451 1735 1511 Taulantius,
1755 1460 1808 1499 et

441 1529 1806 1595 Epidamno,Illyriaecivitate,oriundusffiurrliachium

443 1623 552 1655 eam
573 1610 853 1668 Cretenses,
880 1610 973 1674 qui
1001 1609 1169 1660 coloni
1195 1609 1318 1656 illuc
1347 1617 1613 1668 venerant,
1632 1610 1808 1656 aDur-
1847 1647 1850 1653 .

442 1683 632 1733 rhaoho
646 1722 660 1746 ,
677 1696 785 1734 tum
807 1688 1120 1735 Cretensium
1138 1703 1252 1752 rege
1265 1722 1278 1746 ,
1291 1684 1612 1751 adpellarunt
1628 1701 1642 1746 ,
1660 1695 1719 1734 ut
1736 1687 1809 1734 ait

442 1765 704 1823 Lucanus,
742 1768 1023 1824 Romanus,
1059 1766 1115 1812 in
1152 1753 1538 1813 libroseoundo
1574 1763 1636 1811 de
1673 1762 1807 1810 bello

441 1840 578 1888 civili
601 1861 611 1889 ε
631 1841 711 1890 vel
729 1844 972 1908 Corcyraei
987 1879 1001 1902 ,
1018 1842 1402 1891 Corinthiorum
1422 1841 1620 1907 colonia
1631 1856 1807 1889 secun-

441 1918 567 1966 dum
578 1918 1318 1986 historioum).1ncusabantque
1328 1919 1481 1984 vulgo
1490 1918 1807 1966 Anastasium

394 2014 410 2053 χ
441 1994 736 2044 insatiabilis
752 1998 970 2045 ‘avaritiae
992 1997 1174 2058 tadeo,
1193 2007 1253 2045 ut
1276 1996 1489 2058 disticha
1508 1987 1809 2061 quaedam‘in

441 2078 560 2134 eum
583 2073 646 2134 *in
675 2072 1026 2138 Hippodromo
1056 2072 1282 2137 populus
1310 2071 1656 2136 suspenderit,
1689 2086 1809 2118 cum
1843 2076 1848 2082 '

403 2143 407 2146 ⁴
441 2148 598 2196 ferrea
621 2150 668 2196 ei
684 2150 849 2212 imago
866 2149 920 2195 in
947 2148 1034 2196 illo
1057 2149 1219 2213 posita
1235 2146 1422 2195 fuisset.
1437 2150 1622 2194 Versus
1638 2157 1808 2194 autem

443 2224 619 2272 famosi
651 2224 742 2289 (ut
766 2227 981 2272 Romani
1019 2234 1226 2284 vocant,
1261 2239 1415 2303 quam
1450 2239 1542 2270 nos
1575 2221 1811 2286 blasphe-

399 2305 403 2308 ”
442 2301 628 2366 miam)
648 2300 704 2348 hi
725 2310 878 2349 sunt:

483 2391 707 2449 imaginem
715 2391 792 2432 tibi
799 2393 1048 2448 ,imperator
1051 2392 1252 2434 mundum
1260 2392 1487 2466 destruens,
1497 2390 1648 2431 hancce
1661 2403 1684 2430 e
1700 2389 1809 2431 ferro

599 2448 835 2507 Posuimus,
854 2456 904 2496 'ut
922 2471 1032 2497 aenea
1050 2456 1237 2498 viliorem
1256 2486 1270 2507 ,

445 2535 498 2576 ad
506 2537 811 2590 προσηγόρευσαν,
827 2537 919 2575 κατὰ
926 2552 990 2575 τον
1005 2540 1210 2589 συγγραφέα
1218 2541 1381 2576 tantum
1393 2534 1444 2574 ad
1450 2534 1683 2589 Κορινθίων*
1655 2549 1811 2574 anomoc-

448 2608 457 2631 ἵ
493 2599 544 2652 8)
576 2600 688 2652 Lego
698 2602 831 2652 ὄλεγεῖά
839 2617 918 2640 τινα
928 2630 938 2649 ,
953 2600 998 2639 id
1010 2606 1068 2640 est
1079 2600 1268 2652 disticha5
1282 2614 1414 2653 neque
1426 2599 1536 2641 enim
1546 2599 1678 2652 elegiae
1692 2605 1808 2648 sunt,

443 2663 493 2702 de
510 2663 659 2715 quibus
672 2663 856 2715 loquitur
871 2663 1035 2716 Lydus,
1063 2677 1222 2716 neque,
1243 2669 1291 2703 nt
1305 2679 1326 2703 e
1341 2663 1527 2715 sequenti
1540 2676 1658 2702 sensu
1673 2668 1782 2715 patet
1792 2690 1806 2711 ,

442 2730 502 2770 ita
516 2728 688 2783 intelligi
705 2729 849 2770 voluit.
906 2731 954 2783 9)
973 2729 1244 2782 Anthologia:
1261 2738 1304 2770 Αν
1306 2733 1442 2780 secana,
1463 2733 1507 2774 ὡς
1522 2731 1659 2782 χαλκοῦ
1677 2730 1807 2768 πολλὸν

444 2796 667 2846 ἀτιμοτέρην.
681 2790 738 2832 Et
752 2795 886 2845 χαλκῆς
903 2793 1049 2833 melior
1064 2793 1168 2834 mihi
1183 2793 1348 2835 videtur
1360 2793 1500 2843 lectio,
1519 2806 1641 2845 quam
1654 2794 1804 2844 χαλκοῦ,

444 2862 485 2897 et
498 2871 607 2895 ουσαν
626 2854 795 2902 melior,
811 2869 934 2907 quam
946 2858 1089 2896 πολλὸν.

1510 2916 1574 2962 30
