2748 3834
970 535 1064 581 208
1289 544 1418 576 m‘nl
1452 542 1519 573 mz
1553 540 2004 573 MAmsTnAzrmus

967 627 1101 671 σκαίαν
1119 619 1155 663 ¹)
1173 626 1314 680 ἄνεμον
1333 620 1496 681 συνεφὴς
1515 611 1555 657 2)
1574 618 1686 678 ὁάὴρ
1705 617 1747 661 ἐκ
1761 623 1828 667 τῆς
1848 616 2095 678 ὑποκειμένης
2108 623 2184 665 τῶν
2200 618 2326 684 ὓγρῶν

965 700 1148 761 ἀμετρίας
1164 696 1311 757 ,σχεδὸν
1333 695 1398 740 διά
1418 694 1560 743 παντὸς
1587 695 1924 754 ἀποτελούμενος,
1949 697 2069 747 αἴτιος
2086 698 2218 749 αὐτοῖς
2241 717 2327 745 συν·

962 782 1076 840 εχοῦς
1110 776 1321 838 ἐπομΞρίας
1357 774 1636 820 ἀποτελεῖσθαι
1674 774 1884 835 νομίζεται.
1923 775 2138 821 Δανούὸιον
2173 776 2217 822 δὲ
2257 780 2324 824 τὸν

960 857 1216 919 νεφελοφόρον
1239 854 1371 898 ἐκεῖνοι
1394 850 1556 896 καλοῦσι
1579 853 1766 914 πατρίως.
1795 854 1879 898 Καὶ
1900 859 2024 900 ταῦτα
2043 855 2114 915 μὲν
2142 856 2228 918 περὶ
2248 861 2325 902 τῶν

960 939 1170 995 ποταμῶν,
1192 935 1244 984 ὡς
1273 933 1313 977 ἐν
1337 930 1594 994 παρεκὸἀσει,
1631 932 1735 976 κατά
1754 933 1946 991 Σαμωκον
1972 927 2014 975 5)
2049 935 2116 979 τὸν
2143 924 2326 995 ῥωμαῖον

960 1013 1159 1075 ἶςοριχὸν,
1184 1012 1237 1062 ὡς
1267 1005 1310 1050 4)
1355 1011 1454 1071 πρὸς
1479 1009 1754 1059 Διοκλητιανὸν
1777 1011 1840 1053 καὶ
1861 1013 2047 1072 Γαλέριον
2069 1013 2135 1056 τὸν
2163 1014 2327 1075 γέροντα

959 1091 1045 1155 περὶ
1069 1091 1252 1137 ποικίλων
1279 1090 1510 1147 ζητημάτων
1536 1084 1736 1146 διελέχθη.

1028 1163 1107 1211 33.
1141 1166 1421 1217 Κωνςαντῖνος
1447 1158 1516 1207 οὖν
1545 1164 1710 1209 Σκυθίαν
1738 1181 1779 1210 τε
1805 1165 1870 1209 καὶ
1895 1166 2055 1211 Μυσίαν
2078 1166 2143 1212 καί
2164 1166 2255 1220 τοὺς
2284 1169 2328 1222 ἐξ

957 1244 1084 1290 αὐτῶν
1113 1246 1260 1306 φόρους
1297 1236 1366 1298 5),
1401 1243 1456 1292 ὡς
1489 1244 1583 1304 ἔφην
1608 1275 1621 1298 ,
1655 1243 1848 1288 ἀπώλεσε.
1884 1245 2029 1306 Συρίαν
2063 1243 2106 1289 δὲ
2137 1245 2228 1298 ὅλην
2259 1246 2325 1291 καὶ

955 1325 1197 1375 Παλαιςίνην
1220 1317 1259 1362 6)
1286 1318 1390 1383 (μία
1412 1319 1455 1365 δέ
1483 1320 1547 1372 ἐςι
1573 1322 1707 1384 χώρα,
1746 1323 1810 1366 καὶ
1834 1321 1898 1366 διὰ
1923 1326 2044 1382 μόνον
2067 1327 2241 1386 ἀριθμὸν
2270 1344 2324 1377 εις

956 1401 1100 1451 πλῆθος
1129 1395 1339 1460 ἀνοίγεται)
1369 1399 1559 1461 ἐπαρχίας
1588 1398 1812 1458 ἀναδείξας,
1841 1399 2019 1452 ἐδεήθη”
1998 1419 2175 1495 υπαρχον
2185 1437 2200 1461 ,
2228 1407 2326 1464 μετά

956 1480 1022 1524 τὸν
1038 1478 1191 1529 Λιὸύης
1209 1477 1272 1522 καὶ
1290 1477 1492 1528 Γαλατίας
1509 1464 1710 1556 Ιλλυρίδος
1727 1496 1768 1525 τε
1785 1479 1849 1523 καὶ
1868 1480 2043 1535 Ιταλίας,
2061 1480 2125 1524 καὶ
2141 1489 2209 1531 τῆς
2227 1482 2325 1542 ἑῴας
2358 1528 2360 1530 ,

957 1557 1273 1620 προχειρίσασθαι
1293 1542 1351 1612 7),
1375 1559 1662 1616 σκεπτόμενος,
1684 1557 1737 1606 ὡς
1768 1557 1887 1607 αυτός
1918 1558 1938 1601 ὃ
1968 1555 2197 1615 βασιλευς
2178 1576 2218 1603 εν
2246 1563 2326 1612 τοῖς

956 1635 1095 1680 ἑαυτοῦ
1119 1636 1221 1697 λέγει
1244 1639 1546 1698 συγγράμμασι,
1581 1637 1752 1698 Πέρσαις
1774 1633 1975 1687 ἀδοκήτως
2005 1636 2185 1682 ἐπελθεῖν.
2213 1628 2326 1684 Ηπί-

957 1730 1056 1763 ςατο
1079 1715 1155 1776 γάρ
1181 1699 1487 1769 Κωνξαντιᾟκος,
1509 1712 1632 1764 πολὺς
1657 1713 1711 1758 ὢν
1733 1714 1772 1758 ἐν
1795 1722 1841 1775 τῇ
1864 1713 2063 1761 παιδεύσει
2086 1716 2239 1778 λόγων,
2261 1716 2325 1761 καὶ
2345 1735 2347 1737 ’

957 1796 1185 1839 συνασκήσει
1212 1791 1339 1836 ὅπλων
1372 1787 1491 1853 (οὐδὲ
1512 1793 1613 1854 γάρ,
1638 1792 1673 1836 εἰ
1697 1795 1751 1852 μὴ
1779 1792 1874 1837 καθ’
1903 1786 1942 1832 8)
1970 1792 2101 1856 ἑτέραν
2126 1792 2325 1838 παίδευσιν

956 1868 1070 1925 ἔτυχέ
1098 1885 1154 1918 τις
1183 1867 1436 1931 διαπρέπων,
1465 1868 1651 1927 βασιλεὺς
1682 1860 1874 1930 Ρωμαίων
1905 1866 2239 1934 προεχειρίζετο),
2271 1874 2324 1931 μὴ

958 1944 1051 1988 εἶναι
1073 1943 1209 2007 ῥᾴδιον
1229 1946 1359 1996 ἄλλως
1384 1947 1744 2006 καταπολεμηθῆναι
1766 1950 1947 2009 Πέρσας,
1971 1951 2026 2006 μὴ
2052 1945 2229 1999 ἐξαπίνης
2247 1948 2326 1991 αὐ-

955 2025 1036 2071 τοῖς
1066 2023 1317 2082 ἐπιχεομένης
1343 2023 1502 2082 ἐφόδου.
1527 2022 1610 2064 Καὶ
1645 2038 1873 2083 συγγραφην
1900 2025 1987 2084 περὶ
2007 2026 2147 2069 τούτου
2176 2032 2324 2089 μονήρη

957 2098 1137 2151 Κέλσος,
1171 2098 1191 2139 ὁ
1229 2099 1412 2154 Ρωμαῖος
1445 2097 1623 2146 τακτικὸς
1643 2132 1659 2154 ,
1699 2099 1932 2144 ἀπολέλοιπε
1953 2134 1968 2156 ,
2014 2106 2150 2164 σαφῶς
2185 2104 2326 2149 ἀναδι-

958 2171 1134 2229 δάσκων,
1169 2173 1221 2223 ὡς
1251 2172 1321 2216 οὐκ
1352 2173 1480 2223 ἄλλως
1511 2175 1660 2236 Πέρσαι
1689 2179 1888 2234 Ρωμαίοις
1923 2183 2246 2239 παραςήσονται,
2272 2186 2326 2240 μὴ

957 2251 1154 2315 αἰφνιΗδιως
1190 2253 1241 2302 εἰς
1278 2255 1344 2301 τὴν
1376 2253 1528 2297 ἐκεινων
1564 2256 1696 2316 χώραν
1728 2258 1906 2314 Ρωμαῖοι
1934 2261 2105 2324 γνόφου
2119 2257 2226 2311 δίκην
2258 2277 2326 2304 εν-

841 2327 932 2371 *)0·
960 2332 1188 2390 σκήψουσιν·
1217 2331 1340 2376 αἰτίαν
1355 2348 1431 2375 ουκ
1452 2329 1528 2384 ἔξω
1552 2332 1673 2393 λόγου
1703 2331 1748 2384 *)
1779 2337 2092 2396 παρασχόμενος·
2121 2339 2145 2385 ἡ
2177 2335 2219 2382 δὲ
2246 2355 2326 2383 τοι-

770 2408 800 2412 ‚A
840 2372 933 2416 f·70‚

841 2426 878 2460 p.
895 2427 929 2450 v.
959 2426 1055 2460 αντη
1078 2410 1176 2460 ε’ςίν.

1017 2506 1061 2554 1)
1090 2503 1351 2557 Legendum,
1369 2506 1415 2544 ni
1435 2506 1556 2546 failor
1579 2509 1768 2558 θρασκίαν.
1789 2506 1880 2558 Ipse
1899 2507 2042 2560 Lydus
2069 2507 2116 2547 in
2137 2520 2257 2562 opere
2274 2508 2324 2548 de

959 2567 1169 2609 Mensi'bus
1180 2598 1190 2618 ,
1211 2581 1300 2621 pag.
1323 2581 1397 2608 120
1410 2599 1423 2618 ‚
1440 2574 1611 2612 ventum
1628 2569 1684 2609 sic
1700 2569 1886 2623 adpellat-

1012 2634 1061 2682 2)
1090 2633 1201 2686 Lego
1219 2636 1399 2685 συννεφὴς.

1013 2698 1062 2745 5)
1090 2704 1268 2749 Σαμωκον.
1290 2697 1500 2738 Incertum
1525 2698 1634 2738 sicne
1655 2700 1801 2740 habeat
1829 2700 1929 2741 cod.
1948 2730 1961 2748 ,
1989 2714 2042 2740 an
2067 2707 2159 2754 post
2182 2719 2208 2741 ω
2242 2716 2325 2743 una

961 2759 1101 2801 duaeve
1114 2761 1242 2801 literae
1258 2762 1460 2805 extinctae.
1476 2764 1599 2804 Forte
1614 2765 1829 2818 legendum
1851 2767 2089 2819 Σαμμωνικὸν.

1014 2826 1062 2875 4)
1090 2825 1200 2877 Lego
1220 2826 1272 2870 ὃς.

1013 2887 1059 2942 5)
1087 2887 1388 2943 (ἶοᾶῐφρούρους.
