2748 3834
862 504 941 538 m:
973 476 1216 537 somn
1254 502 1439 539 mcno.
1721 488 1832 550 xvij

476 613 631 657 ment.
675 603 856 654 Societ.
891 602 1079 652 Scient.
1116 618 1215 666 reg.
1246 601 1567 667 Gottingens.
1604 603 1728 653 Vol.
1760 605 1835 655 11.

475 713 583 762 pag.
603 693 715 743 216.
730 693 934 742 Verum
950 697 1007 738 ut
1020 690 1122 752 jam
1141 689 1365 738 maxima
1379 687 1606 741 fueritin
1628 694 1835 757 quibus·

474 786 591 836 dam
626 778 1121 831 Mohamedanorum
1161 778 1362 843 regibus
1398 780 1704 846 benignitas,
1734 801 1837 835 ma-

473 875 616 924 xima
637 886 811 919 rerum
836 883 1042 916 suarum
1059 867 1267 916 scientia
1287 904 1300 929 ‚
1336 867 1468 917 sicut
1490 867 1590 918 fuit
1623 887 1634 919 :
1667 880 1837 925 tamen

475 962 644 1015 studia
670 969 720 1011 et
748 967 878 1009 artes
900 997 914 1023 ,
952 976 1066 1023 quae
1092 967 1235 1008 erant
1267 959 1462 1010 Graecis
1488 967 1836 1016 monumentis

475 1049 862 1116 disciplinisque
898 1055 1003 1096 tota
1035 1048 1157 1096 Asia
1198 1049 1300 1111 jam
1336 1050 1400 1097 ab
1435 1050 1722 1102 Alexandri
1759 1056 1833 1104 M.

481 1139 799 1207 temporibus
839 1135 1024 1185 tradita
1067 1153 1124 1185 ac
1165 1146 1463 1188 conservata
1500 1177 1514 1200 ‚
1555 1146 1837 1195 necessario

475 1231 637 1282 novis·
666 1226 1045 1292 religionibus,
1083 1215 1264 1275 studiis
1292 1264 1305 1290 ,
1348 1230 1579 1280 moribus
1614 1232 1838 1284 inductis

474 1321 700 1389 graviter
738 1326 859 1368 sunt
889 1316 1061 1366 affecta
1089 1335 1099 1365 ε
1124 1318 1312 1382 quibus
1345 1321 1501 1369 semel
1524 1322 1762 1383 sublatis,
1789 1333 1839 1374 et

475 1412 694 1463 Arabica
729 1410 903 1475 lingua
939 1406 1103 1457 indies
1146 1407 1299 1458 latius
1343 1408 1527 1476 fundi,
1580 1421 1629 1462 et
1660 1415 1838 1465 Graeca

475 1503 700 1568 primum
725 1517 792 1549 ex
813 1498 1117 1563 optimatum
1142 1535 1155 1561 ‚
1189 1507 1302 1563 post
1339 1501 1492 1551 etiam
1524 1504 1736 1554 omnino
1767 1521 1838 1554 ex

475 1609 576 1641 usu
632 1586 1103 1653 consuetudineque
1159 1587 1434 1639 hominum
1490 1596 1795 1644 ‘evanescere
1823 1633 1836 1657 ,

480 1683 639 1746 inque
687 1696 847 1744 pauca
895 1666 1176 1727 Palaestinae
1217 1715 1231 1740 ,
1284 1679 1556 1731 Phoenices
1601 1707 1631 1742 ,·
1676 1685 1839 1751 Syriae

473 1769 774 1822 interamnis
827 1767 1134 1816 monasteria
1193 1769 1452 1835 compingi
1516 1774 1685 1838 coepit.
1752 1776 1839 1825 Fit

474 1862 613 1912 enim
643 1858 746 1907 hoc
774 1856 831 1904 in
868 1839 1021 1903 victis
1054 1855 1350 1905 nationibus
1372 1894 1386 1920 ,
1431 1865 1489 1908 ut
1527 1860 1591 1909 ad
1628 1853 1842 1914 vincent

473 1952 606 2000 tium
655 1959 943 1995 sermonem
999 1942 1244 1992 libentius
1291 1961 1344 1993 se
1389 1935 1650 2011 ⁴applicent
1678 1991 1693 2017 ‚
1745 1972 1841 2003 nee

470 2037 630 2103 magis
648 2035 704 2084 in
728 2033 903 2098 lingua
930 2048 1086 2096 quam
1118 2033 1174 2081 in
1202 2032 1435 2087 libertate
1470 2041 1631 2102 patria
1650 2043 1842 2092 tuenda

472 2144 611 2180 acres
648 2122 938 2176 videantur.
974 2122 1092 2183 Qua
1130 2122 1184 2171 in
1227 2126 1567 2177 conversione
1604 2111 1841 2197 magnam

472 2219 727 2267 librorum
765 2214 1065 2262 Graecorum
1107 2211 1290 2262 factam
1320 2215 1565 2278 jacturam
1608 2232 1840 2272 accurate

473 2305 866 2372 explicaverunt
906 2302 968 2351 A.
1003 2301 1073 2349 H.
1109 2302 1317 2352 Heeren
1339 2342 1353 2368 ,
1412 2306 1708 2359 Gesclziclzte
1749 2315 1838 2361 des

473 2398 732 2448 Studiums
754 2395 846 2441 der·
861 2391 1168 2440 classischen
1185 2394 1473 2444 Litteratur
1491 2397 1616 2447 Vol'.
1642 2400 1684 2447 Ι.
1709 2401 1838 2451 Got-

474 2489 628 2553 tingae
662 2501 805 2552 1797.
830 2484 876 2532 8.
903 2498 1013 2548 pag.
1043 2482 1107 2548 98
1133 2498 1142 2530 :
1167 2490 1216 2532 et
1239 2483 1285 2531 J.
1312 2484 1378 2532 G.
1407 2485 1702 2555 Eichhorn,
1740 2493 1838 2541 Ge-

474 2578 694 2627 schichte
712 2577 805 2623 der
816 2575 1120 2633 Litteratur,
1132 2570 1310 2621 Vol.I.
1337 2574 1595 2642 Gottingae
1615 2579 1762 2628 1805.
1786 2583 1833 2631 8.

471 2684 581 2732 pag.
621 2665 717 2715 562
743 2682 754 2714 :
782 2662 1021 2729 idemque
1054 2679 1164 2711 uno
1196 2662 1411 2713 Joannis
1440 2665 1836 2730 Epiphaniensis

476 2757 717 2822 exemplo
760 2763 926 2821 potest
970 2754 1323 2804 demonstrari.
1368 2757 1421 2806 Is
1453 2758 1702 2822 Joannes,
1745 2762 1836 2823 qui

475 2843 576 2895 fuit
593 2845 822 2910 Agathiae
845 2845 1136 2895 Scholiastae
1155 2846 1467 2912 Evagriique
1490 2848 1836 2912 Epiphanien-

1605 2951 1633 2981 c
