2748 3834
830 507 907 540 DE
941 503 1178 540 JOANNB
1210 498 1396 539 turno.
1675 501 1795 537 XXV

423 581 507 654 Nad
549 607 658 654 Izaeo
683 643 703 666 ‚
737 634 743 642 ·
765 608 820 654 in
854 606 1013 654 Arati
1051 604 1428 666 Apparentium
1462 602 1793 666 descriptione

433 694 556 754 (hic
590 693 946 760 aliquid'deest
961 729 975 755 ,
1008 699 1068 741 ut
1102 691 1253 740 Lami
1284 689 1473 740 indicat
1492 690 1542 754 ):
1577 692 1796 741 Ioannis

434 785 579 847 Lydi
597 784 896 848 quotidiana
916 789 1268 844 menstruaque
1282 781 1641 829 observatione.
1654 780 1797 846 Quoe'.

434 875 764 934 cunquavero
788 887 848 918 ex
868 871 1260 935 genethliologia
1275 874 1294 929 (
1310 869 1384 917 sio
1400 868 1539 917 enim
1557 867 1691 917 hano
1706 884 1800 918 vo-

437 976 546 1009 cem
565 959 851 1010 Vitruvius
866 996 878 1018 ‚
895 960 984 1009 lib.
1003 961 1109 1023 IX,
1139 977 1245 1025 cap.
1261 960 1295 1009 4
1311 997 1324 1023 ,
1345 957 1466 1009 edit.
1484 956 1618 1008 Rod.
1636 958 1801 1008 Bero-

377 1044 380 1045 ⁷
435 1049 558 1113 lini,
587 1049 730 1099 1800.
756 1050 801 1099 4.
823 1067 931 1116 pag.
953 1050 1084 1117 219)
1109 1060 1225 1099 sunt
1249 1053 1303 1099 in
1325 1052 1408 1099 his
1428 1068 1553 1115 quos
1574 1051 1799 1099 diximus

440 1139 585 1187 libris
607 1157 819 1204 aspersa
831 1178 851 1200 ,
878 1159 939 1189 ea
950 1177 968 1200 ,
991 1150 1047 1189 ut
1072 1143 1261 1203 rejecta
1289 1141 1355 1188 ab
1383 1141 1619 1189 Ecclesia
1652 1141 1760 1187 Dei
1777 1177 1798 1197 ,

439 1233 709 1278 aversatur
733 1232 990 1298 Majestas
1011 1218 1199 1279 nostra.
1229 1229 1436 1278 Etenim
1461 1236 1596 1278 recte
1619 1229 1801 1278 obser-

436 1318 587 1369 vavit
607 1319 640 1366 J
641 1335 830 1369 oannes
849 1319 1088 1369 Suicerus
1104 1320 1161 1368 in
1192 1318 1456 1368 Thesauro
1484 1318 1802 1380 Ecclesiasti-

441 1423 501 1456 co
515 1445 530 1471 ‚
553 1407 704 1458 Tom.
726 1410 774 1472 Ι,
799 1409 1089 1459 Amstelaed.
1112 1408 1255 1459 1682.
1289 1409 1402 1458 Fol.
1426 1408 1649 1458 column.
1674 1406 1799 1474 669,

438 1512 623 1546 vocem
643 1499 824 1557 βασιλεία
844 1501 948 1563 jam
974 1499 1096 1548 inde
1109 1517 1138 1549 a
1154 1498 1587 1548 Constantinianis
1606 1504 1799 1562 tempo·

438 1585 582 1635 ribus
593 1603 756 1651 usque
768 1587 830 1637 ad
844 1588 1094 1653 perditam
1108 1590 1359 1639 Graeciam
1374 1588 1632 1655 propriam
1647 1585 1804 1635 fuisse

437 1666 607 1740 Impp.
632 1675 972 1727 Orientalium
993 1669 1382 1743 appellationem
1410 1696 1420 1725 :
1443 1678 1515 1727 ita
1541 1684 1599 1725 ut
1626 1674 1727 1740 ipsi
1741 1672 1805 1722 de

441 1779 517 1826 se,
538 1770 562 1815 ἡ
581 1769 749 1830 ἡμετέρα
767 1768 970 1830 βασιλεία,
1000 1767 1156 1818 εἰνθὴ
1172 1769 1353 1827 βασιλεία
1372 1773 1465 1829 μοῦ·
1483 1766 1573 1816 alii
1589 1764 1651 1814 ad
1669 1763 1804 1826 illos,

441 1859 465 1905 ἡ
488 1857 668 1914 βασιλεία
691 1862 782 1901 σοῦ.
804 1855 888 1902 Sic
914 1854 934 1918 (
952 1861 1009 1902 ut
1031 1856 1264 1914 omittam
1285 1855 1521 1919 exempla
1541 1871 1570 1903 a
1593 1856 1804 1904 Suicero

440 1941 623 2006 uitato)
647 1942 697 1990 S.
712 1940 940 2006 Cyrillus
957 1936 1463 2006 Hierosolymitanus
1480 1942 1542 1991 ad
1560 1944 1805 2003 Constan-

437 2032 569 2082 tium
588 2029 711 2080 Caes.
729 2029 986 2079 Cateches.
1008 2028 1126 2078 edit.
1148 2030 1355 2100 Prevot.
1378 2030 1707 2080 Paris-1608.
1731 2033 1805 2093 4.-,

438 2137 547 2187 pag.
568 2119 664 2187 549
681 2138 692 2167 t
709 2127 758 2168 et
772 2120 822 2169 S.
842 2118 1240 2185 Chrysostomus
1263 2118 1324 2168 de
1342 2119 1518 2168 statuis
1538 2119 1671 2183 Opp.
1686 2109 1807 2167 ed'it.

442 2208 1065 2259 Savil.Tom.VI.Etonae.
1082 2206 1224 2273 1612.
1239 2207 1351 2256 Fol.
1364 2224 1474 2272 pag.
1492 2207 1607 2265 602,
1619 2207 1707 2256 lin.
1729 2207 1807 2273 1¹3,

442 2300 542 2362 πρὸς
557 2302 624 2349 τὴν
640 2302 710 2349 σὴν
727 2297 941 2357 βασιλείαν·
952 2296 1075 2345 item
1089 2296 1344 2361 Georgius
1353 2294 1740 2346 Alexandrinus
1751 2295 1808 2344 in

443 2390 553 2440 vita
567 2388 831 2455 Chrysost.
845 2389 979 2454 opp.
998 2388 1259 2454 Chrysost.
1277 2388 1395 2438 edit.
1417 2389 1552 2438 citat.
1573 2389 1634 2437 T.
1650 2388 1809 2444 VIII,

443 2496 553 2545 pag.
574 2480 666 2529 251
687 2515 701 2542 ‚
723 2479 814 2528 lin.
837 2479 866 2528 5
887 2498 896 2527 :
932 2487 988 2544 τῷ
1005 2486 1258 2545 προς-άγματι
1278 2489 1346 2532 τῆς
1366 2489 1437 2532 σῆς
1454 2480 1668 2539 βασιλείας.
1691 2476 1810 2525 Alia

443 2569 680 2635 exempla
693 2569 846 2618 habet
858 2569 1156 2634 Ducangius
1173 2567 1397 2618 Glossar.
1413 2569 1576 2621 Graec,
1590 2567 1740 2615 Tom.
1764 2565 1808 2612 Ι.

443 2658 607 2724 Lugd.
630 2658 786 2721 1688,
806 2658 918 2707 Fol.
944 2659 1038 2708 col.
1062 2676 1174 2725 179.
1198 2658 1368 2720 Quam
1386 2656 1810 2722 significationem

444 2749 595 2798 verbi
606 2751 785 2809 βασιλεία
796 2750 956 2799 miror
972 2750 1150 2799 multis
1165 2767 1272 2800 non
1292 2750 1346 2798 in
1367 2757 1590 2798 mentem
1611 2745 1809 2796 venisse

444 2834 806 2899 interpretibus
852 2854 862 2884 ε
910 2838 1056 2887 velut
1091 2838 1296 2899 Checo,
1342 2837 1442 2884 hoc
1487 2835 1643 2889 loeo:
1686 2833 1808 2879 item

1573 2925 1611 2968 d
