2748 3834
676 505 1052 540 nmrunmcuz
1085 504 1350 537 ROMANAE
1386 505 1495 538 Lu.
1529 505 1587 538 11.
1735 504 1826 556 107

462 581 663 630 mitiani
685 581 921 644 adpellati
946 591 1083 625 sunt.
1104 582 1322 633 Comites
1340 598 1459 630 vero
1480 579 1594 631 Itali
1616 581 1829 641 amicos,

462 661 723 724 sociosque
745 658 942 706 itineris
963 665 1171 715 vocant,
1194 663 1246 703 et
1265 656 1564 704 comitatum
1581 659 1800 715 omnino
1816 693 1831 720 ‚

465 739 558 803 qui
584 739 870 803 principem
897 734 1303 802 proficiscentem
1333 732 1658 785 comitantur.
1685 739 1832 807 Mugiq

467 816 557 863 stri
581 826 751 864 autem
772 852 786 873 ‚
808 831 963 880 quem
986 823 1169 861 vocant
1186 850 1199 873 ,
1226 830 1420 863 munus
1439 823 1541 864 tam
1574 813 1835 870 abstrusus

469 894 1021 959 quidem-magistratus
1038 908 1143 939 non
1171 902 1268 951 est3
1286 894 1538 942 maximus
1550 904 1720 947 ,tamen
1735 932 1749 955 ,
1766 906 1838 945 at-

470 988 572 1037 que
590 971 655 1019 ad
677 970 895 1037 praefecti
915 970 1150 1036 praetorio
1168 969 1416 1017 honorem
1438 980 1837 1040 potestatemque

469 1066 631 1116 prope
662 1049 855 1097 accedit
878 1068 888 1096 :
914 1047 978 1096 de
999 1065 1105 1114 quo
1123 1047 1186 1095 ad
1205 1058 1487 1097 extremum
1513 1047 1668 1114 hujus
1687 1048 1837 1099 histo·

472 1129 557 1176 riae
581 1126 815 1176 dicturus
838 1144 953 1175 sum
984 1145 995 1174 :
1023 1127 1354 1175 recentiorem
1379 1128 1518 1175 enim
1544 1130 1844 1195 antiquiori-

473 1205 572 1255 bus
595 1206 969 1272 magistratibus
1000 1206 1335 1254 adnumerare
1363 1203 1469 1255 non
1497 1217 1725 1273 oportet,
1757 1206 1844 1260 sed

475 1301 630 1351 quem
656 1295 860 1351 tempus
877 1284 1147 1343 concessit,
1170 1283 1340 1333 locum
1352 1285 1405 1333 ei
1426 1285 1663 1335 tribuere.
1743 1333 1745 1337 .

545 1365 590 1413 8.
633 1367 882 1431 Exceptus
907 1374 1076 1413 tamen
1096 1372 1198 1424 est,
1226 1379 1505 1431 omnesque
1529 1366 1849 1431 magistratus
1879 1429 1885 1433 ι

476 1459 631 1509 super
654 1443 876 1491 eminuit
899 1441 1218 1503 consulatus,
1240 1442 1468 1508 potentia
1494 1442 1717 1509 quidem
1728 1459 1850 1510 prae·

479 1519 672 1571 sectura
705 1523 906 1582 minor,
937 1521 1134 1570 honore
1160 1530 1332 1570 autem
1373 1521 1572 1586 major:
1599 1521 1684 1569 illa
1710 1523 1851 1575 enim

481 1608 639 1648 totam
665 1599 1033 1664 rempublicam
1065 1600 1219 1661 regit,
1244 1598 1397 1646 domn
1432 1598 1568 1649 nihil
1592 1597 1822 1650 adferens
1840 1632 1855 1659 ,

483 1687 531 1725 et
541 1675 810 1742 publicum
821 1675 1183 1734 administrans
1194 1692 1208 1735 ς
1224 1673 1309 1732 hic
1318 1690 1437 1723 vero
1456 1673 1685 1740 ingentes
1695 1677 1857 1733 vdomo

483 1770 605 1820 opes
646 1756 781 1805 nivis
808 1756 968 1804 instar
991 1753 1198 1822 civibus·
1221 1751 1525 1822 profundit,
1557 1764 1609 1807 et
1638 1755 1857 1822 tempori

485 1850 677 1883 nomen
707 1832 948 1898 largitur,
982 1833 1344 1897 pactionesque
1381 1835 1550 1890 errore
1587 1833 1856 1900 prohibet:
1912 1869 1914 1872 >

483 1912 693 1973 acheus
718 1909 928 1975 quidem
955 1926 1062 1957 non
1083 1908 1306 1974 emplius
1319 1907 1862 1979 administrat;pa1'ens

484 2006 602 2037 vero
613 1987 999 2053 quodammodo
1011 1997 1088 2036 est
1097 1991 1447 2043 Rmnanorum
1462 1988 1721 2038 libertatis.
1736 1988 1864 2040 Gon-.-

484 2066 670 2114 trarius
697 2065 838 2113 enim
862 2063 1127 2126 tyrannidi
1150 2061 1257 2125 est,
1283 2080 1454 2130 neque
1481 2060 1590 2113 eam
1608 2065 1865 2118 dominari

483 2145 716 2212 patitur:
756 2145 931 2210 itaque
966 2141 1123 2192 simul
1158 2153 1315 2209 atque
1349 2146 1536 2191 Brutus
1553 2181 1567 2205 ‚
1606 2142 1866 2210 pudicitiae

409 2243 416 2251 ·
484 2223 675 2273 vindex
685 2236 704 2287 ,'
718 2233 769 2271 et
779 2222 1026 2271 libertatis
1036 2229 1406 2288 propugnator,
1430 2222 1654 2270 consulis
1672 2220 1868 2271 honore

485 2301 706 2362 effulsit,
725 2301 1036 2367 Tarquinius
1054 2309 1305 2361 tyrannus
1324 2300 1533 2347 interiit.
1560 2302 1737 2349 Noster
1747 2317 1868 2349 vero

490 2391 634 2448 pater
649 2379 805 2428 simul
823 2390 874 2428 et
890 2379 1328 2434 mansuetissimus
1345 2379 1621 2445 imperator
1634 2415 1647 2439 ,
1669 2394 1870 2445 rempu-
1887 2381 1894 2385 ⁴

491 2459 676 2513 blicam
710 2458 1030 2520 emendando
1056 2468 1107 2507 et
1131 2458 1265 2507 cives
1297 2457 1541 2507 donando
1564 2457 1746 2506 consul
1768 2467 1869 2515 est,

494 2547 554 2586 ut
570 2539 728 2604 magis
746 2555 854 2587 non
875 2539 1060 2605 possit3
1075 2542 1210 2587 veste
1230 2547 1402 2585 autem
1427 2547 1527 2599 est,
1547 2553 1665 2585 cum
1690 2550 1869 2583 ornare

499 2614 757 2665 fortunam
776 2616 919 2677 vult,
956 2617 1185 2666 altiorem
1215 2617 1432 2683 imperio
1464 2613 1758 2664 consulatus
1780 2612 1867 2659 lio-

503 2694 618 2740 nori
636 2694 846 2758 gradum
869 2693 1156 2745 decernens.

570 2787 616 2834 9.
636 2770 916 2820 Soliautem
935 2784 1157 2839 sceptro,
1173 2783 1398 2839 utsupra
1411 2748 1609 2821 dictum
1625 2781 1725 2829 est,
1747 2768 1867 2815 olim

506 2848 701 2895 cessisse
735 2848 1115 2915 praefecturam,
1155 2867 1328 2917 parem
1370 2866 1488 2898 cum
1527 2866 1586 2897 eo
1623 2849 1870 2895 honorem

1536 2939 1638 2992 14²
