2748 3834
564 517 924 550 annuamus
960 516 1230 551 nonin-An
1266 518 1371 551 mn.
1408 519 1439 550 1.
1609 502 1675 570 39

313 601 428 657 gere
445 593 697 658 cuiquam'
709 628 724 653 ,
757 609 795 640 -n
803 592 859 640 isi
882 591 999 640 solis
1015 591 1241 657 regibus,
1264 591 1445 640 licebat
1463 611 1474 640 :
1497 595 1675 647 trium·

312 671 478 737 phalis
496 672 690 737 quippe
713 687 832 719 cum
857 671 1002 735 equis
1029 670 1082 718 in
1104 685 1258 719 curru
1287 670 1524 722 incessus.
1537 674 1676 723 Buri·

311 749 491 798 challia
512 760 682 798 autem
703 747 936 797 vehicula
953 764 982 796 a
1007 747 1224 797 bovibus
1241 748 1486 799 vocabant
1514 769 1525 798 :
1553 768 1676 818 quo-

311 846 429 877 rum
471 831 526 878 in
541 830 702 891 vicem
722 863 736 886 ,
769 842 887 875 cum
908 842 1041 874 onus
1065 827 1361 893 impositum
1394 845 1501 878 non
1520 840 1676 893 esset,

309 907 465 957 mulis
477 909 662 974 jugum
686 904 965 953 tradebant.

359 1078 454 1112 cm!
486 1075 840 1110 msclun’louts
874 1076 1179 1110 DIGNITATUM
1213 1076 1406 1111 nultos
1439 1077 1626 1113 noum

899 1153 1093 1187 vocm'r.

381 1311 457 1362 19.
494 1295 638 1344 Titus
656 1277 856 1354 Tatius,
891 1293 1194 1344 Sabinorum
1215 1311 1324 1355 rex,
1343 1295 1583 1361 junctus,
1613 1306 1674 1345 ut

306 1390 458 1441 supra
485 1375 729 1435 diximus,
766 1375 1031 1435 Romanis,
1063 1375 1131 1422 ita
1158 1375 1291 1424 inter
1313 1391 1364 1423 se
1387 1374 1563 1424 ambos
1584 1391 1672 1441 po-

306 1455 461 1521 pulos
483 1457 752 1520 conjunxit
775 1493 789 1515 ,
828 1466 888 1504 ut
908 1473 1013 1504 non
1038 1455 1257 1522 amplius
1278 1456 1390 1504 duae
1409 1493 1423 1516 ‚
1463 1455 1549 1503 sed
1570 1473 1673 1504 una

305 1534 512 1599 solaque
557 1539 902 1583 Romanorum
949 1535 1232 1602 respublica
1279 1535 1670 1609 adpellarentur.

303 1612 408 1672 Qui
431 1630 550 1660 cum
568 1615 711 1662 Titus
730 1615 900 1662 Tatius
918 1625 1204 1677 vocaretur,
1227 1613 1534 1663 diminutive
1555 1615 1673 1662 titu-

303 1688 414 1737 lum
444 1707 473 1738 a
504 1692 675 1757 primo
709 1693 821 1740 Tito
851 1693 1239 1759 inscriptionem
1267 1691 1580 1751 nobilitatis,
1622 1701 1673 1740 et

302 1768 440 1815 Titos
453 1768 614 1816 nobili
629 1771 785 1836 stirpe
801 1771 995 1835 genitos
1010 1770 1277 1830 dixerunt,
1297 1780 1355 1819 ut
1368 1771 1439 1819 ait
1450 1770 1670 1858 Persius,

301 1848 574 1896 Romanus.
602 1853 713 1896 Haec
738 1849 800 1896 de
817 1848 1007 1896 titulis.

369 1942 449 1972 20.
486 1925 679 1987 Quovis
708 1935 877 1972 autern
914 1924 1110 1973 honore
1141 1925 1398 1991 majorem
1418 1899 1674 1996 ducebant

296 1996 524 2047 Romani
537 1986 950 2062 pistflcn'bbnam
965 1992 1156 2044 'f'a‘ii‘iain
1181 2002 1538 2048 munificentia
1548 2016 1672 2066 par·

294 2086 400 2124 tam
432 2091 446 2136 ;
483 2084 535 2122 et
577 2091 686 2142 quo
726 2073 902 2140 plures
945 2072 1214 2122 familiares
1260 2073 1518 2123 habebant
1545 2114 1560 2138 ‚
1613 2094 1673 2125 eo
1745 2109 1751 2114 -

295 2155 540 2218 majorem
577 2169 722 2201 suam
754 2170 867 2218 prae,
886 2152 1133 2211 aliorum,
1177 2151 1368 2216 quibus
1406 2156 1669 2218 pauciores

295 2242 483 2291 essent,
509 2232 720 2296 gloriam
743 2229 1111 2290 existimabant.
1129 2230 1285 2276 Testis
1301 2239 1374 2276 est
1389 2233 1670 2294 Iuvenalis,

293 2312 581 2367 Romanus,
624 2325 742 2357 cum
771 2309 868 2369 ait,
903 2318 952 2356 et
980 2287 1197 2356 fascibus
1233 2317 1283 2355 et
1311 2307 1588 2374 triumphis
1621 2321 1671 2361 et

294 2386 544 2452 praeclaris
581 2386 836 2435 bellorum
878 2385 1208 2443 facinoribus
1226 2385 1468 2449 majorem
1514 2372 1668 2437 fuisse

293 2466 522 2530 antiquis
541 2464 905 2512 munificentiae
925 2460 1151 2530 gloriam.
1187 2463 1472 2517 Familiares
1495 2475 1665 2514 autem

214 2562 230 2569 “
294 2559 413 2592 suos
431 2542 654 2603 clientes,
668 2560 759 2610 per
767 2542 1100 2591 antistichum
1117 2559 1212 2608 pro
1223 2541 1479 2601 colientes‚
1501 2545 1667 2609 patrio

294 2638 527 2671 sermone
539 2622 774 2672 dicebant
785 2659 799 2683 ‚
817 2621 869 2669 id
885 2632 958 2670 est
973 2658 987 2682 ‚
1007 2621 1318 2669 honorantes
1336 2632 1665 2688 amantesque

296 2699 455 2764 ipsOS,
479 2715 596 2747 cum
619 2718 822 2749 summo
842 2700 1036 2749 honore
1055 2699 1401 2766 modestiaque
1422 2699 1554 2747 dona
1578 2699 1665 2746 lar-

298 2777 489 2842 gientes
504 2813 517 2835 ‚
550 2786 609 2824 ut
642 2794 854 2827 munera
892 2795 982 2827 sua
1010 2779 1292 2826 amicorum
1330 2777 1547 2824 honores
1578 2776 1659 2822 ad·

293 2854 555 2920 pellarent.
574 2858 731 2903 Nemo
743 2866 911 2904 autem
929 2856 1126 2921 patricii
1142 2854 1528 2902 familiaritatem
1538 2868 1660 2899 con-
