<?xml version="1.0" encoding="UTF-8"?>
<!DOCTYPE html PUBLIC "-//W3C//DTD XHTML 1.0 Transitional//EN"
    "http://www.w3.org/TR/xhtml1/DTD/xhtml1-transitional.dtd">
<html xmlns="http://www.w3.org/1999/xhtml" xml:lang="en" lang="en">
 <head>
  <title>
</title>
<meta http-equiv="Content-Type" content="text/html;charset=utf-8" />
  <meta name='ocr-system' content='tesseract 3.04.00' />
  <meta name='ocr-capabilities' content='ocr_page ocr_carea ocr_par ocr_line ocrx_word'/>
</head>
<body>
  <div class='ocr_page' id='page_1' title='image "./demagistratibusr00lyduuoft_0109.png"; bbox 0 0 2748 3834; ppageno 0'>
   <div class='ocr_carea' id='block_1_1' title="bbox 374 485 1751 1935">
    <p class='ocr_par' dir='ltr' id='par_1_1' title="bbox 374 485 1743 764">
     <span class='ocr_line' id='line_1_1' title="bbox 958 485 1739 536; baseline 0.001 -21"><span class='ocrx_word' id='word_1_1' title='bbox 958 485 971 514; x_wconf 84' lang='lat' dir='ltr'><strong>l</strong></span> <span class='ocrx_word' id='word_1_2' title='bbox 985 486 1015 515; x_wconf 74' lang='lat' dir='ltr'>N</span> <span class='ocrx_word' id='word_1_3' title='bbox 1027 486 1058 515; x_wconf 89' lang='lat' dir='ltr'>D</span> <span class='ocrx_word' id='word_1_4' title='bbox 1069 486 1149 515; x_wconf 81' lang='lat' dir='ltr'><strong>Ex.</strong></span> <span class='ocrx_word' id='word_1_5' title='bbox 1711 488 1739 536; x_wconf 85' lang='grc'>7</span> 
     </span>
     <span class='ocr_line' id='line_1_2' title="bbox 374 557 1743 626; baseline 0.002 -20"><span class='ocrx_word' id='word_1_6' title='bbox 374 558 703 625; x_wconf 82' lang='lat' dir='ltr'><strong>paragaudis3</strong></span> <span class='ocrx_word' id='word_1_7' title='bbox 736 558 828 607; x_wconf 90' lang='lat' dir='ltr'><strong>ubi</strong></span> <span class='ocrx_word' id='word_1_8' title='bbox 853 568 903 606; x_wconf 89' lang='lat' dir='ltr'><strong>et</strong></span> <span class='ocrx_word' id='word_1_9' title='bbox 921 557 983 606; x_wconf 89' lang='lat' dir='ltr'><strong>de</strong></span> <span class='ocrx_word' id='word_1_10' title='bbox 1003 558 1268 623; x_wconf 86' lang='lat' dir='ltr'><strong>campagis.</strong></span> <span class='ocrx_word' id='word_1_11' title='bbox 1293 557 1430 618; x_wconf 88' lang='lat' dir='ltr'><strong>Quid</strong></span> <span class='ocrx_word' id='word_1_12' title='bbox 1454 558 1743 626; x_wconf 87' lang='lat' dir='ltr'><strong>significent</strong></span> 
     </span>
     <span class='ocr_line' id='line_1_3' title="bbox 377 636 1742 690; baseline 0.004 -6"><span class='ocrx_word' id='word_1_13' title='bbox 377 637 529 685; x_wconf 87' lang='lat' dir='ltr'><strong>tituli.</strong></span> <span class='ocrx_word' id='word_1_14' title='bbox 542 636 813 686; x_wconf 85' lang='lat' dir='ltr'><strong>Muniflcos</strong></span> <span class='ocrx_word' id='word_1_15' title='bbox 829 636 980 685; x_wconf 82' lang='lat' dir='ltr'><strong>fuisse</strong></span> <span class='ocrx_word' id='word_1_16' title='bbox 990 646 1179 684; x_wconf 81' lang='lat' dir='ltr'><strong>veteres</strong></span> <span class='ocrx_word' id='word_1_17' title='bbox 1195 645 1460 687; x_wconf 66' lang='lat' dir='ltr'><strong>senatores.⁴</strong></span> <span class='ocrx_word' id='word_1_18' title='bbox 1475 639 1623 689; x_wconf 87' lang='lat' dir='ltr'>Unde</span> <span class='ocrx_word' id='word_1_19' title='bbox 1637 639 1742 690; x_wconf 85' lang='lat' dir='ltr'><strong>duo</strong></span> 
     </span>
     <span class='ocr_line' id='line_1_4' title="bbox 376 711 1265 764; baseline -0.002 -1"><span class='ocrx_word' id='word_1_20' title='bbox 376 725 426 764; x_wconf 91' lang='lat' dir='ltr'><strong>et</strong></span> <span class='ocrx_word' id='word_1_21' title='bbox 446 717 539 763; x_wconf 89' lang='lat' dir='ltr'><strong>tria</strong></span> <span class='ocrx_word' id='word_1_22' title='bbox 558 715 812 764; x_wconf 80' lang='lat' dir='ltr'><strong>veteribus</strong></span> <span class='ocrx_word' id='word_1_23' title='bbox 831 715 1040 763; x_wconf 85' lang='lat' dir='ltr'><strong>nomina</strong></span> <span class='ocrx_word' id='word_1_24' title='bbox 1060 711 1265 762; x_wconf 79' lang='lat' dir='ltr'><strong>fuerint.</strong></span> 
     </span>
    </p>

    <p class='ocr_par' dir='ltr' id='par_1_2' title="bbox 377 791 1743 1016">
     <span class='ocr_line' id='line_1_5' title="bbox 452 791 1740 860; baseline 0.002 -19"><span class='ocrx_word' id='word_1_25' title='bbox 452 794 496 841; x_wconf 87' lang='lat'><strong>8.</strong></span> <span class='ocrx_word' id='word_1_26' title='bbox 533 795 696 842; x_wconf 89' lang='lat' dir='ltr'><strong>Tertia</strong></span> <span class='ocrx_word' id='word_1_27' title='bbox 721 794 923 853; x_wconf 83' lang='lat' dir='ltr'>electio,</span> <span class='ocrx_word' id='word_1_28' title='bbox 963 801 1244 858; x_wconf 78' lang='lat' dir='ltr'><strong>quaestores.</strong></span> <span class='ocrx_word' id='word_1_29' title='bbox 1279 791 1448 841; x_wconf 87' lang='lat' dir='ltr'><strong>Alium</strong></span> <span class='ocrx_word' id='word_1_30' title='bbox 1472 808 1575 842; x_wconf 81' lang='lat' dir='ltr'><strong>esse</strong></span> <span class='ocrx_word' id='word_1_31' title='bbox 1608 810 1740 860; x_wconf 79' lang='lat' dir='ltr'><strong>quae-</strong></span> 
     </span>
     <span class='ocr_line' id='line_1_6' title="bbox 377 871 1743 940; baseline 0.002 -21"><span class='ocrx_word' id='word_1_32' title='bbox 377 880 561 920; x_wconf 87' lang='lat' dir='ltr'><strong>storem</strong></span> <span class='ocrx_word' id='word_1_33' title='bbox 579 908 594 931; x_wconf 90' lang='lat'><strong>,</strong></span> <span class='ocrx_word' id='word_1_34' title='bbox 615 872 774 920; x_wconf 84' lang='lat' dir='ltr'><strong>alium</strong></span> <span class='ocrx_word' id='word_1_35' title='bbox 797 873 1130 938; x_wconf 77' lang='lat' dir='ltr'><strong>quaesitorem.</strong></span> <span class='ocrx_word' id='word_1_36' title='bbox 1152 874 1225 920; x_wconf 92' lang='lat' dir='ltr'><strong>De</strong></span> <span class='ocrx_word' id='word_1_37' title='bbox 1246 871 1513 921; x_wconf 80' lang='lat' dir='ltr'>consulatu</span> <span class='ocrx_word' id='word_1_38' title='bbox 1531 874 1743 940; x_wconf 81' lang='lat' dir='ltr'><strong>eJ&#39;usque</strong></span> 
     </span>
     <span class='ocr_line' id='line_1_7' title="bbox 379 950 679 1016; baseline 0.007 -20"><span class='ocrx_word' id='word_1_39' title='bbox 379 950 679 1016; x_wconf 73' lang='lat' dir='ltr'>insignibus.</span> 
     </span>
    </p>

    <p class='ocr_par' dir='ltr' id='par_1_3' title="bbox 444 1026 1555 1096">
     <span class='ocr_line' id='line_1_8' title="bbox 444 1026 1555 1096; baseline 0.002 -20"><span class='ocrx_word' id='word_1_40' title='bbox 444 1045 492 1093; x_wconf 86' lang='lat'><strong>9.</strong></span> <span class='ocrx_word' id='word_1_41' title='bbox 527 1030 716 1088; x_wconf 87' lang='lat' dir='ltr'><strong>Quarta</strong></span> <span class='ocrx_word' id='word_1_42' title='bbox 739 1026 915 1076; x_wconf 87' lang='lat' dir='ltr'>electio</span> <span class='ocrx_word' id='word_1_43' title='bbox 930 1064 943 1087; x_wconf 94' lang='lat'><strong>,</strong></span> <span class='ocrx_word' id='word_1_44' title='bbox 966 1028 1307 1077; x_wconf 81' lang='lat' dir='ltr'><strong>decemviralis</strong></span> <span class='ocrx_word' id='word_1_45' title='bbox 1325 1038 1555 1096; x_wconf 85' lang='lat' dir='ltr'><strong>potestas.</strong></span> 
     </span>
    </p>

    <p class='ocr_par' dir='ltr' id='par_1_4' title="bbox 375 1106 1742 1310">
     <span class='ocr_line' id='line_1_9' title="bbox 448 1106 1742 1173; baseline 0.003 -20"><span class='ocrx_word' id='word_1_46' title='bbox 448 1121 522 1153; x_wconf 84' lang='lat'><strong>10.</strong></span> <span class='ocrx_word' id='word_1_47' title='bbox 558 1107 751 1166; x_wconf 64' lang='lat' dir='ltr'><strong>Quinta</strong></span> <span class='ocrx_word' id='word_1_48' title='bbox 785 1106 962 1154; x_wconf 82' lang='lat' dir='ltr'><strong>electio</strong></span> <span class='ocrx_word' id='word_1_49' title='bbox 977 1142 990 1166; x_wconf 92' lang='lat'><strong>,</strong></span> <span class='ocrx_word' id='word_1_50' title='bbox 1038 1107 1285 1155; x_wconf 83' lang='lat' dir='ltr'><strong>dictatura</strong></span> <span class='ocrx_word' id='word_1_51' title='bbox 1312 1145 1325 1167; x_wconf 93' lang='lat'><strong>,</strong></span> <span class='ocrx_word' id='word_1_52' title='bbox 1378 1117 1428 1156; x_wconf 88' lang='lat' dir='ltr'><strong>et</strong></span> <span class='ocrx_word' id='word_1_53' title='bbox 1460 1108 1617 1173; x_wconf 88' lang='lat' dir='ltr'><strong>hujus</strong></span> <span class='ocrx_word' id='word_1_54' title='bbox 1653 1126 1742 1158; x_wconf 89' lang='lat' dir='ltr'><strong>no·</strong></span> 
     </span>
     <span class='ocr_line' id='line_1_10' title="bbox 375 1182 1742 1252; baseline 0.004 -22"><span class='ocrx_word' id='word_1_55' title='bbox 375 1184 531 1231; x_wconf 89' lang='lat' dir='ltr'><strong>minis</strong></span> <span class='ocrx_word' id='word_1_56' title='bbox 561 1182 876 1249; x_wconf 87' lang='lat' dir='ltr'><strong>significatio.</strong></span> <span class='ocrx_word' id='word_1_57' title='bbox 907 1187 1045 1246; x_wconf 85' lang='lat' dir='ltr'><strong>Quot</strong></span> <span class='ocrx_word' id='word_1_58' title='bbox 1062 1223 1075 1246; x_wconf 90' lang='lat'>‚</span> <span class='ocrx_word' id='word_1_59' title='bbox 1092 1193 1159 1234; x_wconf 90' lang='lat' dir='ltr'><strong>-et</strong></span> <span class='ocrx_word' id='word_1_60' title='bbox 1184 1186 1246 1234; x_wconf 88' lang='lat' dir='ltr'><strong>ad</strong></span> <span class='ocrx_word' id='word_1_61' title='bbox 1270 1201 1425 1252; x_wconf 88' lang='lat' dir='ltr'><strong>quem</strong></span> <span class='ocrx_word' id='word_1_62' title='bbox 1454 1202 1616 1252; x_wconf 90' lang='lat' dir='ltr'><strong>usque</strong></span> <span class='ocrx_word' id='word_1_63' title='bbox 1638 1186 1742 1236; x_wconf 85' lang='lat' dir='ltr'><strong>fue-</strong></span> 
     </span>
     <span class='ocr_line' id='line_1_11' title="bbox 375 1260 790 1310; baseline 0.005 -2"><span class='ocrx_word' id='word_1_64' title='bbox 375 1262 482 1309; x_wconf 86' lang='lat' dir='ltr'><strong>rint</strong></span> <span class='ocrx_word' id='word_1_65' title='bbox 508 1260 790 1310; x_wconf 74' lang='lat' dir='ltr'><strong>dictatores.</strong></span> 
     </span>
    </p>

    <p class='ocr_par' dir='ltr' id='par_1_5' title="bbox 375 1340 1747 1642">
     <span class='ocr_line' id='line_1_12' title="bbox 451 1340 1744 1408; baseline 0.004 -22"><span class='ocrx_word' id='word_1_66' title='bbox 451 1354 524 1386; x_wconf 88' lang='lat'><strong>11.</strong></span> <span class='ocrx_word' id='word_1_67' title='bbox 562 1343 703 1387; x_wconf 85' lang='lat' dir='ltr'><strong>Sexta</strong></span> <span class='ocrx_word' id='word_1_68' title='bbox 729 1340 933 1400; x_wconf 87' lang='lat' dir='ltr'><strong>electio,</strong></span> <span class='ocrx_word' id='word_1_69' title='bbox 985 1357 1226 1400; x_wconf 88' lang='lat' dir='ltr'><strong>censura;</strong></span> <span class='ocrx_word' id='word_1_70' title='bbox 1273 1342 1327 1389; x_wconf 88' lang='lat' dir='ltr'><strong>in</strong></span> <span class='ocrx_word' id='word_1_71' title='bbox 1362 1358 1467 1408; x_wconf 91' lang='lat' dir='ltr'><strong>quo</strong></span> <span class='ocrx_word' id='word_1_72' title='bbox 1490 1352 1540 1391; x_wconf 92' lang='lat' dir='ltr'><strong>et</strong></span> <span class='ocrx_word' id='word_1_73' title='bbox 1572 1341 1635 1390; x_wconf 91' lang='lat' dir='ltr'><strong>de</strong></span> <span class='ocrx_word' id='word_1_74' title='bbox 1664 1357 1744 1390; x_wconf 89' lang='lat' dir='ltr'><strong>co·</strong></span> 
     </span>
     <span class='ocr_line' id='line_1_13' title="bbox 376 1418 1745 1487; baseline 0.001 -21"><span class='ocrx_word' id='word_1_75' title='bbox 376 1418 560 1466; x_wconf 89' lang='lat' dir='ltr'><strong>moedia</strong></span> <span class='ocrx_word' id='word_1_76' title='bbox 577 1418 918 1486; x_wconf 81' lang='lat' dir='ltr'><strong>tragoediaque</strong></span> <span class='ocrx_word' id='word_1_77' title='bbox 935 1456 948 1479; x_wconf 93' lang='lat'><strong>,</strong></span> <span class='ocrx_word' id='word_1_78' title='bbox 978 1430 1028 1468; x_wconf 91' lang='lat' dir='ltr'><strong>et</strong></span> <span class='ocrx_word' id='word_1_79' title='bbox 1041 1437 1146 1485; x_wconf 95' lang='lat' dir='ltr'><strong>quo</strong></span> <span class='ocrx_word' id='word_1_80' title='bbox 1167 1430 1394 1487; x_wconf 88' lang='lat' dir='ltr'><strong>tempore</strong></span> <span class='ocrx_word' id='word_1_81' title='bbox 1410 1437 1491 1470; x_wconf 91' lang='lat' dir='ltr'><strong>eas</strong></span> <span class='ocrx_word' id='word_1_82' title='bbox 1509 1419 1745 1470; x_wconf 84' lang='lat' dir='ltr'><strong>noverint</strong></span> 
     </span>
     <span class='ocr_line' id='line_1_14' title="bbox 375 1499 1747 1564; baseline 0.001 -21"><span class='ocrx_word' id='word_1_83' title='bbox 375 1499 606 1544; x_wconf 86' lang='lat' dir='ltr'><strong>Romani.</strong></span> <span class='ocrx_word' id='word_1_84' title='bbox 628 1501 795 1557; x_wconf 81' lang='lat' dir='ltr'><strong>Quare</strong></span> <span class='ocrx_word' id='word_1_85' title='bbox 823 1499 1107 1546; x_wconf 85' lang='lat' dir='ltr'><strong>luxuriosos</strong></span> <span class='ocrx_word' id='word_1_86' title='bbox 1133 1508 1441 1564; x_wconf 87' lang='lat' dir='ltr'><strong>nepotesque</strong></span> <span class='ocrx_word' id='word_1_87' title='bbox 1459 1499 1635 1548; x_wconf 89' lang='lat' dir='ltr'><strong>eodem</strong></span> <span class='ocrx_word' id='word_1_88' title='bbox 1656 1512 1747 1545; x_wconf 91' lang='lat' dir='ltr'><strong>no-</strong></span> 
     </span>
     <span class='ocr_line' id='line_1_15' title="bbox 378 1575 1502 1642; baseline 0.004 -23"><span class='ocrx_word' id='word_1_89' title='bbox 378 1575 517 1620; x_wconf 89' lang='lat' dir='ltr'><strong>mine</strong></span> <span class='ocrx_word' id='word_1_90' title='bbox 532 1575 698 1639; x_wconf 86' lang='lat' dir='ltr'><strong>patrio</strong></span> <span class='ocrx_word' id='word_1_91' title='bbox 720 1590 952 1624; x_wconf 82' lang='lat' dir='ltr'><strong>sermone</strong></span> <span class='ocrx_word' id='word_1_92' title='bbox 970 1576 1226 1642; x_wconf 87' lang='lat' dir='ltr'><strong>adpellent</strong></span> <span class='ocrx_word' id='word_1_93' title='bbox 1244 1577 1475 1624; x_wconf 87' lang='lat' dir='ltr'><strong>Romani.</strong></span> <span class='ocrx_word' id='word_1_94' title='bbox 1487 1596 1502 1608; x_wconf 87' lang='lat'><strong>·</strong></span> 
     </span>
    </p>

    <p class='ocr_par' dir='ltr' id='par_1_6' title="bbox 377 1653 1751 1935">
     <span class='ocr_line' id='line_1_16' title="bbox 450 1653 1750 1718; baseline 0.001 -19"><span class='ocrx_word' id='word_1_95' title='bbox 450 1668 524 1700; x_wconf 83' lang='lat'><strong>12.</strong></span> <span class='ocrx_word' id='word_1_96' title='bbox 560 1653 782 1718; x_wconf 89' lang='lat' dir='ltr'><strong>Septima</strong></span> <span class='ocrx_word' id='word_1_97' title='bbox 803 1653 1011 1714; x_wconf 85' lang='lat' dir='ltr'><strong>electio,</strong></span> <span class='ocrx_word' id='word_1_98' title='bbox 1055 1654 1360 1702; x_wconf 88' lang='lat' dir='ltr'><strong>tribunatus.</strong></span> <span class='ocrx_word' id='word_1_99' title='bbox 1382 1655 1498 1714; x_wconf 91' lang='lat' dir='ltr'><strong>Quo</strong></span> <span class='ocrx_word' id='word_1_100' title='bbox 1522 1663 1750 1718; x_wconf 84' lang='lat' dir='ltr'><strong>tempore</strong></span> 
     </span>
     <span class='ocr_line' id='line_1_17' title="bbox 378 1725 1751 1799; baseline 0.001 -22"><span class='ocrx_word' id='word_1_101' title='bbox 378 1729 539 1795; x_wconf 89' lang='lat' dir='ltr'><strong>capita</strong></span> <span class='ocrx_word' id='word_1_102' title='bbox 564 1725 815 1780; x_wconf 85' lang='lat' dir='ltr'><strong>militibus</strong></span> <span class='ocrx_word' id='word_1_103' title='bbox 833 1732 974 1792; x_wconf 87' lang='lat' dir='ltr'><strong>data,</strong></span> <span class='ocrx_word' id='word_1_104' title='bbox 1007 1742 1057 1780; x_wconf 88' lang='lat' dir='ltr'><strong>et</strong></span> <span class='ocrx_word' id='word_1_105' title='bbox 1081 1749 1174 1787; x_wconf 85' lang='lat' dir='ltr'><strong>cur</strong></span> <span class='ocrx_word' id='word_1_106' title='bbox 1200 1728 1364 1799; x_wconf 83' lang='lat' dir='ltr'><strong>capita</strong></span> <span class='ocrx_word' id='word_1_107' title='bbox 1390 1726 1641 1780; x_wconf 87' lang='lat' dir='ltr'><strong>dicantur.</strong></span> <span class='ocrx_word' id='word_1_108' title='bbox 1674 1732 1751 1778; x_wconf 89' lang='lat' dir='ltr'><strong>De</strong></span> 
     </span>
     <span class='ocr_line' id='line_1_18' title="bbox 377 1809 1748 1876; baseline 0.001 -21"><span class='ocrx_word' id='word_1_109' title='bbox 377 1810 640 1874; x_wconf 89' lang='lat' dir='ltr'><strong>copiarum</strong></span> <span class='ocrx_word' id='word_1_110' title='bbox 666 1810 935 1858; x_wconf 88' lang='lat' dir='ltr'><strong>ordinibus</strong></span> <span class='ocrx_word' id='word_1_111' title='bbox 970 1811 1371 1876; x_wconf 87' lang='lat' dir='ltr'><strong>nominibusque</strong></span> <span class='ocrx_word' id='word_1_112' title='bbox 1401 1820 1450 1858; x_wconf 89' lang='lat' dir='ltr'><strong>et</strong></span> <span class='ocrx_word' id='word_1_113' title='bbox 1480 1809 1748 1876; x_wconf 81' lang='lat' dir='ltr'><strong>gradibus,</strong></span> 
     </span>
     <span class='ocr_line' id='line_1_19' title="bbox 377 1887 1010 1935; baseline 0 -2"><span class='ocrx_word' id='word_1_114' title='bbox 377 1902 471 1934; x_wconf 90' lang='lat' dir='ltr'><strong>nec</strong></span> <span class='ocrx_word' id='word_1_115' title='bbox 503 1904 610 1935; x_wconf 90' lang='lat' dir='ltr'><strong>non</strong></span> <span class='ocrx_word' id='word_1_116' title='bbox 647 1887 709 1935; x_wconf 91' lang='lat' dir='ltr'><strong>de</strong></span> <span class='ocrx_word' id='word_1_117' title='bbox 739 1887 1010 1935; x_wconf 82' lang='lat' dir='ltr'><strong>tironibus.</strong></span> 
     </span>
    </p>
   </div>
   <div class='ocr_carea' id='block_1_2' title="bbox 375 1960 1750 2133">
    <p class='ocr_par' dir='ltr' id='par_1_7' title="bbox 375 1960 1749 2104">
     <span class='ocr_line' id='line_1_20' title="bbox 448 1960 1749 2025; baseline 0.001 -14"><span class='ocrx_word' id='word_1_118' title='bbox 448 1963 741 2011; x_wconf 67' lang='lat' dir='ltr'><strong>13.0ctava</strong></span> <span class='ocrx_word' id='word_1_119' title='bbox 771 1963 975 2020; x_wconf 85' lang='lat' dir='ltr'><strong>electio,</strong></span> <span class='ocrx_word' id='word_1_120' title='bbox 1008 1972 1258 2025; x_wconf 74' lang='lat' dir='ltr'><strong>praetores.</strong></span> <span class='ocrx_word' id='word_1_121' title='bbox 1293 1961 1585 2012; x_wconf 78' lang='lat' dir='ltr'><strong>Praefectum</strong></span> <span class='ocrx_word' id='word_1_122' title='bbox 1605 1960 1749 2012; x_wconf 79' lang='lat' dir='ltr'><strong>urbis</strong></span> 
     </span>
     <span class='ocr_line' id='line_1_21' title="bbox 375 2035 1750 2133; baseline 0.001 -47"><span class='ocrx_word' id='word_1_123' title='bbox 375 2035 685 2087; x_wconf 87' lang='lat' dir='ltr'><strong>hodiernum</strong></span> <span class='ocrx_word' id='word_1_124' title='bbox 718 2052 887 2086; x_wconf 87' lang='lat' dir='ltr'><strong>unum</strong></span> <span class='ocrx_word' id='word_1_125' title='bbox 921 2036 1073 2086; x_wconf 82' lang='lat' dir='ltr'><strong>fuisse</strong></span> <span class='ocrx_word' id='word_1_126' title='bbox 1111 2053 1138 2085; x_wconf 88' lang='lat' dir='ltr'><strong>e</strong></span> <span class='ocrx_word' id='word_1_127' title='bbox 1175 2038 1431 2088; x_wconf 72' lang='lat' dir='ltr'><strong>veteribus</strong></span> <span class='ocrx_word' id='word_1_128' title='bbox 1464 2040 1711 2133; x_wconf 74' lang='lat' dir='ltr'><strong>praetoriis</strong></span> <span class='ocrx_word' id='word_1_129' title='bbox 1730 2074 1750 2114; x_wconf 72' lang='lat'><strong>⁹.</strong></span> 
     </span>
    </p>
   </div>
   <div class='ocr_carea' id='block_1_3' title="bbox 374 2113 1468 2264">
    <p class='ocr_par' dir='ltr' id='par_1_8' title="bbox 374 2113 1468 2264">
     <span class='ocr_line' id='line_1_22' title="bbox 374 2113 1282 2183; baseline -0.001 -18"><span class='ocrx_word' id='word_1_130' title='bbox 374 2117 635 2166; x_wconf 83' lang='lat' dir='ltr'><strong>custodem</strong></span> <span class='ocrx_word' id='word_1_131' title='bbox 660 2115 804 2165; x_wconf 89' lang='lat' dir='ltr'><strong>urbis</strong></span> <span class='ocrx_word' id='word_1_132' title='bbox 827 2113 1154 2183; x_wconf 84' lang='lat' dir='ltr'><strong>adpellatum.</strong></span> <span class='ocrx_word' id='word_1_133' title='bbox 1279 2166 1282 2170; x_wconf 74' lang='grc'><em>,</em></span> 
     </span>
     <span class='ocr_line' id='line_1_23' title="bbox 450 2196 1468 2264; baseline 0 -20"><span class='ocrx_word' id='word_1_134' title='bbox 450 2201 524 2256; x_wconf 70' lang='grc'><strong>14.</strong></span> <span class='ocrx_word' id='word_1_135' title='bbox 558 2201 701 2248; x_wconf 87' lang='lat' dir='ltr'><strong>Nona</strong></span> <span class='ocrx_word' id='word_1_136' title='bbox 723 2197 928 2258; x_wconf 90' lang='lat' dir='ltr'><strong>electio,</strong></span> <span class='ocrx_word' id='word_1_137' title='bbox 951 2196 1215 2264; x_wconf 66' lang='lat' dir='ltr'><strong>praefectus</strong></span> <span class='ocrx_word' id='word_1_138' title='bbox 1237 2196 1468 2262; x_wconf 84' lang='lat' dir='ltr'><strong>vigilum.</strong></span> 
     </span>
    </p>
   </div>
   <div class='ocr_carea' id='block_1_4' title="bbox 764 2329 1357 2364">
    <p class='ocr_par' dir='ltr' id='par_1_9' title="bbox 764 2329 1357 2364">
     <span class='ocr_line' id='line_1_24' title="bbox 764 2329 1357 2364; baseline 0.003 -4"><span class='ocrx_word' id='word_1_139' title='bbox 764 2329 959 2362; x_wconf 85' lang='lat' dir='ltr'>LIBER</span> <span class='ocrx_word' id='word_1_140' title='bbox 1011 2329 1357 2364; x_wconf 67' lang='lat' dir='ltr'><strong>SECUNDUS.</strong></span> 
     </span>
    </p>
   </div>
   <div class='ocr_carea' id='block_1_5' title="bbox 445 2425 1746 2575">
    <p class='ocr_par' dir='ltr' id='par_1_10' title="bbox 445 2425 1723 2575">
     <span class='ocr_line' id='line_1_25' title="bbox 456 2425 1341 2505; baseline 0.003 -31"><span class='ocrx_word' id='word_1_141' title='bbox 456 2442 497 2475; x_wconf 84' lang='lat'><strong>1.</strong></span> <span class='ocrx_word' id='word_1_142' title='bbox 532 2429 606 2475; x_wconf 84' lang='lat' dir='ltr'><strong>De</strong></span> <span class='ocrx_word' id='word_1_143' title='bbox 622 2426 809 2477; x_wconf 84' lang='lat' dir='ltr'><strong>Caesare</strong></span> <span class='ocrx_word' id='word_1_144' title='bbox 826 2439 876 2477; x_wconf 89' lang='lat' dir='ltr'><strong>et</strong></span> <span class='ocrx_word' id='word_1_145' title='bbox 900 2429 1010 2494; x_wconf 84' lang='lat' dir='ltr'><strong>ejus</strong></span> <span class='ocrx_word' id='word_1_146' title='bbox 1038 2425 1341 2505; x_wconf 80' lang='lat' dir='ltr'><strong>insignibus.</strong></span> 
     </span>
     <span class='ocr_line' id='line_1_26' title="bbox 445 2478 1746 2575; baseline 0.002 -22"><span class='ocrx_word' id='word_1_147' title='bbox 445 2520 491 2554; x_wconf 67' lang='grc' dir='ltr'><strong>ο</strong></span> <span class='ocrx_word' id='word_1_148' title='bbox 527 2505 602 2555; x_wconf 90' lang='lat' dir='ltr'><strong>De</strong></span> <span class='ocrx_word' id='word_1_149' title='bbox 639 2509 881 2574; x_wconf 82' lang='lat' dir='ltr'><strong>Augusto.</strong></span> <span class='ocrx_word' id='word_1_150' title='bbox 923 2512 1054 2557; x_wconf 88' lang='lat' dir='ltr'><strong>Eum</strong></span> <span class='ocrx_word' id='word_1_151' title='bbox 1091 2510 1322 2575; x_wconf 88' lang='lat' dir='ltr'><strong>primum</strong></span> <span class='ocrx_word' id='word_1_152' title='bbox 1359 2478 1554 2557; x_wconf 86' lang='lat' dir='ltr'><strong>sublata</strong></span> <span class='ocrx_word' id='word_1_153' title='bbox 1590 2507 1746 2573; x_wconf 85' lang='lat' dir='ltr'><strong>magi-</strong></span> 
     </span>
    </p>
   </div>
   <div class='ocr_carea' id='block_1_6' title="bbox 379 2588 1752 2710">
    <p class='ocr_par' dir='ltr' id='par_1_11' title="bbox 379 2588 1752 2710">
     <span class='ocr_line' id='line_1_27' title="bbox 379 2588 1752 2656; baseline 0.004 -26"><span class='ocrx_word' id='word_1_154' title='bbox 379 2591 597 2634; x_wconf 79' lang='lat' dir='ltr'><strong>strorum</strong></span> <span class='ocrx_word' id='word_1_155' title='bbox 623 2588 858 2652; x_wconf 87' lang='lat' dir='ltr'><strong>equitum</strong></span> <span class='ocrx_word' id='word_1_156' title='bbox 880 2598 1155 2654; x_wconf 86' lang='lat' dir='ltr'><strong>potestate,</strong></span> <span class='ocrx_word' id='word_1_157' title='bbox 1192 2588 1487 2656; x_wconf 76' lang='lat' dir='ltr'><strong>praefectum</strong></span> <span class='ocrx_word' id='word_1_158' title='bbox 1511 2588 1752 2655; x_wconf 74' lang='lat' dir='ltr'><strong>praetorio</strong></span> 
     </span>
     <span class='ocr_line' id='line_1_28' title="bbox 384 2677 582 2710; baseline 0.01 -2"><span class='ocrx_word' id='word_1_159' title='bbox 384 2677 582 2710; x_wconf 87' lang='lat' dir='ltr'><strong>creasse.</strong></span> 
     </span>
    </p>
   </div>
   <div class='ocr_carea' id='block_1_7' title="bbox 443 2729 1239 2896">
    <p class='ocr_par' dir='ltr' id='par_1_12' title="bbox 443 2729 1239 2896">
     <span class='ocr_line' id='line_1_29' title="bbox 452 2729 1239 2812; baseline 0.011 -28"><span class='ocrx_word' id='word_1_160' title='bbox 452 2735 498 2784; x_wconf 88' lang='grc'><strong>3.</strong></span> <span class='ocrx_word' id='word_1_161' title='bbox 533 2740 606 2786; x_wconf 89' lang='lat' dir='ltr'><strong>De</strong></span> <span class='ocrx_word' id='word_1_162' title='bbox 629 2743 850 2792; x_wconf 84' lang='lat' dir='ltr'><strong>vestibus</strong></span> <span class='ocrx_word' id='word_1_163' title='bbox 882 2729 1239 2812; x_wconf 42' lang='lat' dir='ltr'><strong>imperatoriis,</strong></span> 
     </span>
     <span class='ocr_line' id='line_1_30' title="bbox 443 2840 822 2896; baseline 0.008 -14"><span class='ocrx_word' id='word_1_164' title='bbox 443 2840 495 2891; x_wconf 86' lang='lat'><strong>8)</strong></span> <span class='ocrx_word' id='word_1_165' title='bbox 522 2841 621 2882; x_wconf 81' lang='lat' dir='ltr'><strong>eod.</strong></span> <span class='ocrx_word' id='word_1_166' title='bbox 642 2845 822 2896; x_wconf 61' lang='grc' dir='ltr'><strong>εῃύνους.</strong></span> 
     </span>
    </p>
   </div>
  </div>
 </body>
</html>
