2748 3834
929 501 1078 568 lxxvj
1347 517 1845 553 coMMEN'rAnms

928 616 982 661 in
1004 612 1167 660 medio
1199 610 1318 659 folia
1344 626 1540 658 Lxxxv
1573 619 1808 673 consuta,
1846 628 1959 674 quae
1974 610 2078 658 sola
2097 619 2277 658 numess-

926 701 994 747 ris
1025 706 1191 746 notata
1211 705 1329 745 sunt
1356 714 1365 744 :
1387 698 1444 745 in
1466 697 1546 744 his
1570 697 1697 745 liber
1722 698 1783 746 de
1806 699 2180 762 Magistratibus
2200 698 2273 745 in-

927 783 1179 850 cipit4fol.
1221 801 1282 849 27
1322 794 1466 852 recto.
1503 785 1711 833 Summa
1760 786 1991 834 omnium
2034 784 2279 834 foliorum

927 881 999 922 est
1027 889 1092 921 011
1117 874 1332 942 {quibus
1353 872 1668 937 Lydi-opera
1684 891 1821 922 nunc
1837 875 1908 923 sic
1935 875 2279 935 continentur,

927 970 984 1010 ut
1022 963 1149 1011 liber
1179 962 1239 1010 de
1263 962 1527 1010 Mensibus
1563 967 1697 1011 totus
1731 962 2060 1025 desideretur,
2098 971 2278 1026 praeter

927 1049 1028 1099 duo
1047 1052 1134 1099 illa
1154 1050 1274 1099 folia
1290 1089 1304 1113 ,
1341 1050 1559 1115 librique
1593 1050 1655 1099 de
1680 1052 1902 1101 Ostentis
1924 1052 2052 1101 desit
2078 1052 2277 1100 circiter

926 1147 1102 1203 quarta
1131 1153 1278 1204 pars,
1306 1139 1424 1188 libri
1451 1139 1512 1188 de
1540 1141 1915 1205 Magistratibus
1948 1142 2145 1190 circiter
2178 1141 2274 1189 de-

925 1229 1067 1277 cima.
1098 1229 1302 1294 Quippe
1314 1230 1425 1294 ,ejus
1446 1247 1551 1278 non
1570 1230 1737 1279 solum
1755 1230 1932 1280 ultima
1949 1231 2275 1291 interierunt,

924 1316 1007 1365 sed
1026 1334 1091 1365 ex
1108 1321 1315 1365 consuta
1329 1317 1475 1366 etiam
1492 1318 1752 1382 colligataq
1760 1336 1820 1366 ue
1835 1326 1974 1383 parte
1987 1326 2098 1382 post
2111 1317 2195 1366 fol.
2209 1318 2276 1366 44

923 1405 1045 1454 folia
1076 1414 1274 1455 exsecta
1308 1405 1410 1455 duo
1446 1413 1577 1455 sunt.
1619 1407 1804 1455 Omnia
1843 1413 2010 1479 autem
2047 1423 2117 1455 cn
2155 1406 2276 1455 folia

922 1495 1008 1543 illa
1046 1495 1248 1544 madore
1280 1513 1337 1544 ao
1371 1503 1616 1544 vetustate
1650 1495 1804 1544 valde.
1829 1504 1947 1543 sunt
1975 1494 2276 1559 depravata,

922 1602 1083 1648 usque
1102 1603 1162 1633 eo
1175 1622 1188 1648 ,
1223 1592 1280 1633 ut
1295 1586 1395 1648 jam
1414 1584 1637 1633 Villoiso
1654 1584 1906 1648 scripserit
1923 1583 2275 1647 Prolegomen.

921 1672 984 1721 ad
1021 1673 1161 1722 Iliad.
1204 1690 1311 1738 paga
1346 1688 1512 1736 va1,
1551 1671 1787 1720 Codicem
1825 1689 1965 1720 mero
2001 1685 2179 1735 magna
2211 1687 2278 1720 ex

920 1771 1058 1827 parte
1084 1764 1152 1811 ita
1189 1766 1488 1826 corruptum
1520 1780 1650 1823 esse,
1692 1769 1747 1809 ut
1793 1762 2052 1809 literarum
2094 1761 2276 1809 ductus

919 1852 1013 1899 vix
1035 1851 1234 1915 agnosci
1270 1857 1484 1912 que-ant,
1524 1851 1680 1911 inque
1718 1850 1842 1896 cella
1878 1850 2075 1897 vinaria
2108 1850 2276 1913 potius

921 1955 1039 1987 eum
1088 1955 1241 2001 quam
1288 1938 1345 1983 in
1386 1936 1700 1982 Bibliotheca
1739 1945 2050 1984 asservatum
2092 1937 2273 1985 videri.

921 2027 1227 2088 Quanquam
1265 2024 1432 2087 ipsum
1469 2039 1651 2086 corpus
1687 2021 1884 2070 Codicis
1916 2023 2069 2087 paulo
2105 2027 2276 2074 minus

919 2113 1157 2166 affectum
1196 2120 1282 2160 est.
1321 2112 1492 2160 Multo
1523 2112 1679 2175 magis
1712 2128 1835 2161 vero
1863 2113 2096 2175 abjuncta
2120 2113 2241 2161 folia
2260 2151 2275 2176 ,

919 2202 1079 2251 lacera
1097 2201 1185 2248 illa
1209 2198 1447 2262 quidem,
1479 2205 1528 2246 et
1558 2198 1769 2256 cariosa,
1800 2206 1846 2247 et
1866 2200 2048 2263 partim
2072 2201 2273 2264 penitus

920 2289 1176 2353 desperata
1206 2302 1217 2334 ε
1255 2293 1310 2334 ut
1339 2286 1390 2333 in
1422 2284 1643 2350 legendis
1663 2284 1764 2334 illis
1786 2302 1892 2334 non
1914 2286 2085 2335 minor
2104 2287 2275 2337 hercle

918 2377 1063 2427 labor
1098 2392 1204 2424 esse
1231 2373 1467 2424 videatur
1505 2391 1658 2437 quam
1685 2374 1739 2423 in
1776 2373 2077 2424 evolvendis
2109 2377 2273 2426 inter-

918 2464 1273 2532 pretandisque
1285 2463 1751 2512 Herculanensibus
1772 2462 2139 2528 voluminibus,
2155 2483 2276 2529 quo-

917 2572 1036 2606 rum
1080 2554 1274 2618 aliquot
1319 2552 1538 2616 Neapoli
1578 2548 1798 2601 Parisios
1840 2552 2079 2601 translata
2119 2554 2274 2603 inter-

918 2643 1041 2692 dum
1073 2642 1300 2707 inspexi,
1340 2648 1389 2689 et
1419 2642 1645 2689 tractavi.
1698 2640 2073 2703 Quamobrem,
2110 2643 2273 2710 sicubi

919 2750 1060 2782 error
1077 2731 1257 2780 editori
1272 2729 1495 2793 objectus
1515 2736 1588 2777 est
1610 2729 1665 2776 in
1688 2736 1788 2778 tam
1809 2729 1960 2795 longo
1981 2730 2150 2779 labore
2164 2770 2178 2795 ,
2198 2739 2272 2781 est

920 2823 997 2887 ei,
1037 2839 1143 2871 non
1166 2818 1279 2869 dico
1302 2817 1455 2869 venia
1473 2815 1636 2867 danda
1656 2834 1666 2865 :
1684 2834 1778 2867 nec
1794 2819 1930 2868 enim
1945 2819 2058 2869 fieri
2075 2828 2239 2886 potest
2257 2826 2279 2887 ,'
