2748 3834
3 638 5 640 -
2 622 6 623 =
0 490 26 605 πυννὲς
0 299 25 480 ΕΉῇἍ-ἦ-Ἷι
0 215 26 288 337-11
0 174 6 183 --
0 155 4 158 v
0 118 9 132 ’ν

616 474 990 511 nmrunmcu:
1026 474 1304 508 notuimus
1338 474 1442 508 mn.
1480 476 1511 507 ι.
1676 460 1737 517 ἀι

380 556 582 601 secutus
596 585 610 609 ‚
641 548 772 596 alius
792 548 845 595 in
868 557 1127 613 posterum
1152 562 1244 611 per
1267 555 1422 594 totam
1447 546 1600 595 vitam
1621 561 1743 614 prae·

378 627 507 676 sidio
524 626 795 692 indigebat,
813 635 961 691 turpe
979 622 1333 689 reputantibus
1349 623 1449 671 illis
1465 633 1515 672 et
1529 621 1744 673 fortunae

382 721 483 754 suae
499 706 763 770 jacturam,
780 704 948 770 siquis
968 701 1095 751 forte
1109 703 1388 749 amicorum
1409 700 1749 750 eorumadab'

387 785 544 832 terius
557 800 704 851 opem
723 780 1042 846 confugisset·
1061 781 1218 844 Cujus
1237 781 1309 828 rei
1324 779 1750 829 obscurum‘vestia

384 863 527 927 gium
540 861 603 910 ad
626 871 858 910 nostrum
881 876 1042 907 aevum
1068 857 1205 924 apud
1226 861 1477 907 Romanos
1494 868 1747 908 servatum

386 949 474 988 est.
503 942 628 989 Nam
662 938 1011 987 circaOstiam
1043 938 1183 1002 (quoe
1213 946 1287 984 est
1314 927 1436 985 urbs
1459 938 1598 984 ostiis
1618 935 1747 997 Thy·

386 1016 816 1080 bridisadJacens)
837 1016 1083 1081 primores
1102 1016 1314 1063 Romani
1338 1013 1751 1063 familiarissimos

388 1109 507 1143 suos
524 1093 812 1153 mittebant,
838 1093 996 1141 veluti
1013 1094 1258 1159 egregiam
1278 1093 1522 1159 praedam,
1556 1110 1584 1142 e
1599 1102 1753 1159 portu

389 1171 639 1222 solventes
661 1173 883 1238 hospites
901 1172 1011 1220 aliis
1029 1182 1363 1239 praerepturos
1379 1209 1393 1231 ‚
1428 1172 1651 1237 ipsisque
1670 1170 1753 1219 ad-

391 1248 642 1300 ducturos*
673 1270 683 1298 ε
729 1268 835 1316 quo
871 1252 1039 1298 omnis
1075 1251 1270 1317 generis
1295 1248 1605 1298 abundantia
1635 1259 1755 1315 praer

391 1329 624 1391 beretur‚
672 1333 857 1397 apertis
882 1330 1091 1379 cuilibet
1132 1330 1369 1378 vestibuli
1396 1330 1569 1394 Januis
1602 1329 1756 1392 m'aJ'o·

395 1426 552 1475 reque
579 1409 763 1458 aedium
801 1419 941 1475 parte
959 1445 972 1468 ‚
1015 1407 1158 1456 nullo
1183 1405 1389 1456 custode
1424 1415 1514 1454 aut
1539 1405 1759 1470 janitore

400 1490 611 1535 introire
631 1491 893 1553 cupientes
918 1487 1223 1553 impediente
1250 1506 1260 1534 ε
1287 1487 1382 1552 ipsi
1406 1486 1605 1552 patricii
1641 1501 1761 1534 cum

400 1567 645 1616 uxoribus
665 1567 935 1635 liberisque
961 1567 1247 1634 hospitibus
1269 1565 1440 1624 obvii,
1471 1581 1601 1631 quos
1631 1582 1764 1614 nun·

403 1663 556 1713 quam
580 1646 851 1706 vidissent,
887 1645 1186 1698 salutabant.
1223 1644 1440 1692 Transiit
1475 1659 1594 1691 vero
1624 1652 1674 1690 et
1704 1641 1768 1690 ad

404 1735 628 1773 nostram
653 1728 862 1773 Romam
891 1741 948 1772 ea
982 1723 1302 1782 humanitasg
1338 1731 1390 1770 at
1422 1738 1530 1769 non
1569 1719 1787 1768 duravit·

404 1813 574 1868 postea
591 1839 605 1862 ‚
629 1802 775 1852 claris
804 1804 938 1849 inter
968 1817 1062 1849 nos
1090 1799 1391 1851 hominibus
1419 1798 1644 1850 fortunae·
1666 1795 1796 1847 cul·'

405 1896 525 1931 men
544 1879 682 1929 haud
702 1878 836 1931 ultra
857 1894 961 1928 sese
976 1875 1374 1929 ostendentibus.
1390 1904 1403 1937 5

457 2043 584 2078 mum
618 2044 716 2077 nuo
750 2043 957 2085 numan
987 2042 1243 2086 mmmmm
1277 2043 1492 2084 nonnus
1517 2034 1725 2081 noum.

480 2204 560 2235 21.
597 2189 706 2233 Jam
738 2195 855 2233 ante
892 2185 1174 2232 Romulum
1214 2188 1434 2250 reperias
1464 2186 1633 2234 silvios
1670 2187 1780 2250 ejus

411 2265 631 2330 regionis
661 2279 800 2328 reges
826 2262 1099 2328 adpellatos
1121 2278 1149 2309 a
1175 2261 1321 2329 silvio
1351 2264 1500 2310 AEnea
1519 2299 1532 2321 ‚
1565 2279 1724 2328 genus
1750 2280 1781 2312 a

413 2344 583 2411 primo
604 2343 756 2389 AEnea
773 2341 1005 2390 ducente.
1031 2341 1236 2406 Quippe
1263 2340 1481 2399 inaeilvis
1499 2340 1784 2390 habitantes

414 2422 569 2488 prisci
588 2419 849 2480 homines,
878 2416 1405 2468 ac'nomadum'vitam
1426 2416 1674 2479 colentes,
1703 2418 1783 2467 sil÷

414 2499 524 2547 vios
546 2513 598 2546 se
622 2496 893 2563 gloriantes
920 2496 1183 2555 dicebant,
1215 2513 1281 2547 ne
1306 2497 1427 2563 ipsis
1450 2495 1654 2562 regibus
1674 2498 1785 2562 qui·
1811 2509 1816 2516 ·

418 2575 532 2624 dem
548 2592 745 2640 pascere
754 2591 923 2641 greges
933 2585 982 2623 et
995 2591 1097 2623 rem
1117 2574 1349 2641 colligere
1362 2573 1755 2640 dedignantibus
1771 2593 1784 2634 ;

426 2653 564 2699 unde
601 2655 749 2702 etiam
787 2655 1015 2720 pecuniae
1053 2670 1230 2702 eorum
1267 2668 1501 2702 sermone
1531 2651 1786 2703 facultates

425 2728 682 2777 dicuntur.
706 2734 836 2779 Hinc
851 2742 899 2780 et
917 2749 1063 2780 canes
1077 2731 1366 2780 Evandrum
1384 2734 1639 2796 Tegeaeum
1662 2729 1783 2776 olim

427 2808 687 2856 comitatos
713 2824 816 2860 esse
833 2846 848 2872 ‚
883 2821 1071 2861 veteres
1103 2820 1323 2859 narrant.
1349 2811 1522 2873 Neque
1545 2808 1664 2854 viris
1681 2815 1785 2854 tan-
