<?xml version="1.0" encoding="UTF-8"?>
<!DOCTYPE html PUBLIC "-//W3C//DTD XHTML 1.0 Transitional//EN"
    "http://www.w3.org/TR/xhtml1/DTD/xhtml1-transitional.dtd">
<html xmlns="http://www.w3.org/1999/xhtml" xml:lang="en" lang="en">
 <head>
  <title>
</title>
<meta http-equiv="Content-Type" content="text/html;charset=utf-8" />
  <meta name='ocr-system' content='tesseract 3.04.00' />
  <meta name='ocr-capabilities' content='ocr_page ocr_carea ocr_par ocr_line ocrx_word'/>
</head>
<body>
  <div class='ocr_page' id='page_1' title='image "./demagistratibusr00lyduuoft_0257.png"; bbox 0 0 2748 3834; ppageno 0'>
   <div class='ocr_carea' id='block_1_1' title="bbox 586 494 1751 560">
    <p class='ocr_par' dir='ltr' id='par_1_1' title="bbox 586 494 1751 560">
     <span class='ocr_line' id='line_1_1' title="bbox 586 494 1751 560; baseline 0.001 -2"><span class='ocrx_word' id='word_1_1' title='bbox 586 522 962 559; x_wconf 68' lang='lat' dir='ltr'><strong>nmrunmcn:</strong></span> <span class='ocrx_word' id='word_1_2' title='bbox 997 522 1267 555; x_wconf 66' lang='lat' dir='ltr'><strong>nonnum</strong></span> <span class='ocrx_word' id='word_1_3' title='bbox 1301 523 1406 557; x_wconf 76' lang='lat' dir='ltr'><strong>mn.</strong></span> <span class='ocrx_word' id='word_1_4' title='bbox 1442 494 1531 559; x_wconf 45' lang='lat'><em>11&#39;1.</em></span> <span class='ocrx_word' id='word_1_5' title='bbox 1659 509 1751 560; x_wconf 78' lang='lat'><strong>155</strong></span> 
     </span>
    </p>
   </div>
   <div class='ocr_carea' id='block_1_2' title="bbox 373 598 1776 3019">
    <p class='ocr_par' dir='ltr' id='par_1_2' title="bbox 373 598 1750 1121">
     <span class='ocr_line' id='line_1_2' title="bbox 373 598 1740 666; baseline 0.001 -19"><span class='ocrx_word' id='word_1_6' title='bbox 373 600 620 666; x_wconf 84' lang='lat' dir='ltr'><strong>legiones,</strong></span> <span class='ocrx_word' id='word_1_7' title='bbox 656 609 835 666; x_wconf 84' lang='lat' dir='ltr'><strong>praeter</strong></span> <span class='ocrx_word' id='word_1_8' title='bbox 865 598 1151 664; x_wconf 81' lang='lat' dir='ltr'>equitatum</span> <span class='ocrx_word' id='word_1_9' title='bbox 1186 599 1471 644; x_wconf 89' lang='lat' dir='ltr'><strong>Romanum</strong></span> <span class='ocrx_word' id='word_1_10' title='bbox 1492 633 1505 658; x_wconf 96' lang='lat'><strong>,</strong></span> <span class='ocrx_word' id='word_1_11' title='bbox 1536 598 1740 648; x_wconf 82' lang='lat' dir='ltr'><strong>auxilia-</strong></span> 
     </span>
     <span class='ocr_line' id='line_1_3' title="bbox 374 674 1743 743; baseline 0 -17"><span class='ocrx_word' id='word_1_12' title='bbox 374 680 510 726; x_wconf 88' lang='lat' dir='ltr'>rium</span> <span class='ocrx_word' id='word_1_13' title='bbox 534 715 548 739; x_wconf 92' lang='lat'><strong>,</strong></span> <span class='ocrx_word' id='word_1_14' title='bbox 590 676 897 727; x_wconf 86' lang='lat' dir='ltr'><strong>cohortalem</strong></span> <span class='ocrx_word' id='word_1_15' title='bbox 921 712 935 735; x_wconf 87' lang='lat'>‚</span> <span class='ocrx_word' id='word_1_16' title='bbox 986 674 1255 724; x_wconf 87' lang='lat' dir='ltr'><strong>turmalem</strong></span> <span class='ocrx_word' id='word_1_17' title='bbox 1284 711 1298 736; x_wconf 95' lang='lat'><strong>,</strong></span> <span class='ocrx_word' id='word_1_18' title='bbox 1338 685 1626 743; x_wconf 81' lang='lat' dir='ltr'><strong>ceterasque</strong></span> <span class='ocrx_word' id='word_1_19' title='bbox 1664 694 1743 726; x_wconf 91' lang='lat' dir='ltr'><strong>co-</strong></span> 
     </span>
     <span class='ocr_line' id='line_1_4' title="bbox 375 753 1745 825; baseline -0.001 -18"><span class='ocrx_word' id='word_1_20' title='bbox 375 759 514 825; x_wconf 82' lang='lat' dir='ltr'><strong>pias,</strong></span> <span class='ocrx_word' id='word_1_21' title='bbox 547 775 641 807; x_wconf 91' lang='lat' dir='ltr'><strong>nec</strong></span> <span class='ocrx_word' id='word_1_22' title='bbox 678 775 784 807; x_wconf 92' lang='lat' dir='ltr'><strong>non</strong></span> <span class='ocrx_word' id='word_1_23' title='bbox 817 753 1216 822; x_wconf 77' lang='lat' dir='ltr'><strong>mercenarios),</strong></span> <span class='ocrx_word' id='word_1_24' title='bbox 1258 757 1489 823; x_wconf 85' lang='lat' dir='ltr'><strong>primus,</strong></span> <span class='ocrx_word' id='word_1_25' title='bbox 1527 765 1586 806; x_wconf 89' lang='lat' dir='ltr'><strong>ut</strong></span> <span class='ocrx_word' id='word_1_26' title='bbox 1612 754 1745 819; x_wconf 84' lang='lat' dir='ltr'>dixi,</span> 
     </span>
     <span class='ocr_line' id='line_1_5' title="bbox 376 835 1745 903; baseline 0 -17"><span class='ocrx_word' id='word_1_27' title='bbox 376 838 717 887; x_wconf 84' lang='lat' dir='ltr'><strong>collocabatur</strong></span> <span class='ocrx_word' id='word_1_28' title='bbox 757 836 1154 898; x_wconf 88' lang='lat' dir='ltr'><strong>cornicularius;</strong></span> <span class='ocrx_word' id='word_1_29' title='bbox 1210 835 1425 903; x_wconf 87' lang='lat' dir='ltr'><strong>ideoque</strong></span> <span class='ocrx_word' id='word_1_30' title='bbox 1461 837 1745 886; x_wconf 84' lang='lat' dir='ltr'><strong>etiamnum</strong></span> 
     </span>
     <span class='ocr_line' id='line_1_6' title="bbox 379 913 1749 983; baseline 0.001 -18"><span class='ocrx_word' id='word_1_31' title='bbox 379 919 472 965; x_wconf 89' lang='lat' dir='ltr'><strong>toti</strong></span> <span class='ocrx_word' id='word_1_32' title='bbox 506 915 677 966; x_wconf 84' lang='lat' dir='ltr'><strong>officio</strong></span> <span class='ocrx_word' id='word_1_33' title='bbox 702 926 891 983; x_wconf 82' lang='lat' dir='ltr'><strong>praeest.</strong></span> <span class='ocrx_word' id='word_1_34' title='bbox 923 914 1214 964; x_wconf 85' lang='lat' dir='ltr'><strong>Proefectum</strong></span> <span class='ocrx_word' id='word_1_35' title='bbox 1240 916 1474 982; x_wconf 85' lang='lat' dir='ltr'><strong>praetorio</strong></span> <span class='ocrx_word' id='word_1_36' title='bbox 1503 914 1631 965; x_wconf 91' lang='lat' dir='ltr'><strong>bella</strong></span> <span class='ocrx_word' id='word_1_37' title='bbox 1663 913 1749 966; x_wconf 89' lang='lat' dir='ltr'><strong>ad-</strong></span> 
     </span>
     <span class='ocr_line' id='line_1_7' title="bbox 380 993 1750 1062; baseline 0.001 -21"><span class='ocrx_word' id='word_1_38' title='bbox 380 995 667 1043; x_wconf 90' lang='lat' dir='ltr'><strong>ministrare</strong></span> <span class='ocrx_word' id='word_1_39' title='bbox 707 994 931 1062; x_wconf 88' lang='lat' dir='ltr'><strong>placuit,</strong></span> <span class='ocrx_word' id='word_1_40' title='bbox 973 993 1039 1042; x_wconf 93' lang='lat' dir='ltr'><strong>ob</strong></span> <span class='ocrx_word' id='word_1_41' title='bbox 1079 1011 1204 1061; x_wconf 88' lang='lat' dir='ltr'><strong>quas</strong></span> <span class='ocrx_word' id='word_1_42' title='bbox 1241 995 1750 1043; x_wconf 72' lang='lat' dir='ltr'><strong>commemoravimus</strong></span> 
     </span>
     <span class='ocr_line' id='line_1_8' title="bbox 381 1073 614 1121; baseline 0.013 -3"><span class='ocrx_word' id='word_1_43' title='bbox 381 1073 614 1121; x_wconf 89' lang='lat' dir='ltr'><strong>rationes.</strong></span> 
     </span>
    </p>

    <p class='ocr_par' dir='ltr' id='par_1_3' title="bbox 382 1150 1769 2325">
     <span class='ocr_line' id='line_1_9' title="bbox 449 1150 1752 1218; baseline 0.002 -20"><span class='ocrx_word' id='word_1_44' title='bbox 449 1154 494 1210; x_wconf 76' lang='lat'><strong>4.</strong></span> <span class='ocrx_word' id='word_1_45' title='bbox 531 1154 662 1199; x_wconf 90' lang='lat' dir='ltr'><strong>Cum</strong></span> <span class='ocrx_word' id='word_1_46' title='bbox 681 1150 839 1218; x_wconf 87' lang='lat' dir='ltr'><strong>igitur</strong></span> <span class='ocrx_word' id='word_1_47' title='bbox 856 1153 1006 1200; x_wconf 91' lang='lat' dir='ltr'><strong>ceteri</strong></span> <span class='ocrx_word' id='word_1_48' title='bbox 1024 1166 1199 1201; x_wconf 87' lang='lat' dir='ltr'><strong>omnes</strong></span> <span class='ocrx_word' id='word_1_49' title='bbox 1217 1152 1471 1218; x_wconf 83' lang='lat' dir='ltr'><strong>adjutores</strong></span> <span class='ocrx_word' id='word_1_50' title='bbox 1482 1152 1614 1211; x_wconf 67' lang='lat' dir='ltr'><strong>sint,</strong></span> <span class='ocrx_word' id='word_1_51' title='bbox 1631 1167 1752 1218; x_wconf 81' lang='lat' dir='ltr'><strong>proe-</strong></span> 
     </span>
     <span class='ocr_line' id='line_1_10' title="bbox 382 1229 1752 1298; baseline 0 -20"><span class='ocrx_word' id='word_1_52' title='bbox 382 1229 542 1278; x_wconf 80' lang='lat' dir='ltr'><strong>sectus</strong></span> <span class='ocrx_word' id='word_1_53' title='bbox 580 1231 814 1296; x_wconf 83' lang='lat' dir='ltr'><strong>praetorio</strong></span> <span class='ocrx_word' id='word_1_54' title='bbox 858 1247 948 1279; x_wconf 89' lang='lat' dir='ltr'><strong>sua</strong></span> <span class='ocrx_word' id='word_1_55' title='bbox 985 1230 1357 1298; x_wconf 83' lang='lat' dir='ltr'><strong>subscriptione</strong></span> <span class='ocrx_word' id='word_1_56' title='bbox 1401 1229 1464 1278; x_wconf 88' lang='lat' dir='ltr'><strong>ad</strong></span> <span class='ocrx_word' id='word_1_57' title='bbox 1517 1230 1752 1278; x_wconf 83' lang='lat' dir='ltr'><strong>militiam</strong></span> 
     </span>
     <span class='ocr_line' id='line_1_11' title="bbox 382 1308 1755 1375; baseline -0.001 -18"><span class='ocrx_word' id='word_1_58' title='bbox 382 1308 666 1369; x_wconf 86' lang='lat' dir='ltr'><strong>accedenti,</strong></span> <span class='ocrx_word' id='word_1_59' title='bbox 706 1308 761 1363; x_wconf 80' lang='lat' dir='ltr'><strong>in</strong></span> <span class='ocrx_word' id='word_1_60' title='bbox 801 1325 906 1375; x_wconf 91' lang='lat' dir='ltr'><strong>quo</strong></span> <span class='ocrx_word' id='word_1_61' title='bbox 944 1310 1045 1372; x_wconf 88' lang='lat' dir='ltr'><strong>ipse</strong></span> <span class='ocrx_word' id='word_1_62' title='bbox 1080 1310 1200 1359; x_wconf 81' lang='lat' dir='ltr'><strong>velit</strong></span> <span class='ocrx_word' id='word_1_63' title='bbox 1238 1308 1463 1375; x_wconf 79' lang='lat' dir='ltr'><strong>catalogo</strong></span> <span class='ocrx_word' id='word_1_64' title='bbox 1497 1308 1755 1369; x_wconf 91' lang='lat' dir='ltr'><strong>collocari,</strong></span> 
     </span>
     <span class='ocr_line' id='line_1_12' title="bbox 383 1388 1755 1458; baseline 0 -20"><span class='ocrx_word' id='word_1_65' title='bbox 383 1390 648 1458; x_wconf 90' lang='lat' dir='ltr'><strong>permittit.</strong></span> <span class='ocrx_word' id='word_1_66' title='bbox 681 1391 897 1440; x_wconf 87' lang='lat' dir='ltr'><strong>Nomina</strong></span> <span class='ocrx_word' id='word_1_67' title='bbox 925 1401 1095 1439; x_wconf 90' lang='lat' dir='ltr'><strong>autem</strong></span> <span class='ocrx_word' id='word_1_68' title='bbox 1122 1392 1358 1440; x_wconf 88' lang='lat' dir='ltr'><strong>omnium</strong></span> <span class='ocrx_word' id='word_1_69' title='bbox 1390 1389 1550 1439; x_wconf 82' lang='lat' dir='ltr'><strong>officii</strong></span> <span class='ocrx_word' id='word_1_70' title='bbox 1577 1388 1755 1438; x_wconf 86' lang='lat' dir='ltr'><strong>catalo-</strong></span> 
     </span>
     <span class='ocr_line' id='line_1_13' title="bbox 384 1471 1759 1542; baseline 0 -24"><span class='ocrx_word' id='word_1_71' title='bbox 384 1487 565 1536; x_wconf 84' lang='lat' dir='ltr'><strong>gorum</strong></span> <span class='ocrx_word' id='word_1_72' title='bbox 594 1471 735 1520; x_wconf 85' lang='lat' dir='ltr'><strong>haec:</strong></span> <span class='ocrx_word' id='word_1_73' title='bbox 767 1472 1163 1533; x_wconf 90' lang='lat' dir='ltr'><strong>cornicularius,</strong></span> <span class='ocrx_word' id='word_1_74' title='bbox 1187 1473 1279 1539; x_wconf 92' lang='lat' dir='ltr'><strong>qui</strong></span> <span class='ocrx_word' id='word_1_75' title='bbox 1305 1472 1510 1541; x_wconf 89' lang='lat' dir='ltr'><strong>primus</strong></span> <span class='ocrx_word' id='word_1_76' title='bbox 1534 1471 1759 1542; x_wconf 84' lang='lat' dir='ltr'><strong>comitis,</strong></span> 
     </span>
     <span class='ocr_line' id='line_1_14' title="bbox 386 1539 1759 1617; baseline 0.001 -20"><span class='ocrx_word' id='word_1_77' title='bbox 386 1559 445 1597; x_wconf 94' lang='lat' dir='ltr'><strong>ut</strong></span> <span class='ocrx_word' id='word_1_78' title='bbox 476 1560 687 1612; x_wconf 87' lang='lat' dir='ltr'><strong>vocant,</strong></span> <span class='ocrx_word' id='word_1_79' title='bbox 721 1551 989 1617; x_wconf 88' lang='lat' dir='ltr'><strong>splendore</strong></span> <span class='ocrx_word' id='word_1_80' title='bbox 1023 1554 1243 1613; x_wconf 88' lang='lat' dir='ltr'><strong>eminet,</strong></span> <span class='ocrx_word' id='word_1_81' title='bbox 1283 1545 1503 1599; x_wconf 84' lang='lat' dir='ltr'><strong>necdum</strong></span> <span class='ocrx_word' id='word_1_82' title='bbox 1551 1539 1759 1617; x_wconf 85' lang='lat' dir='ltr'><strong>cingulo</strong></span> 
     </span>
     <span class='ocr_line' id='line_1_15' title="bbox 385 1623 1759 1696; baseline 0.001 -20"><span class='ocrx_word' id='word_1_83' title='bbox 385 1628 629 1677; x_wconf 81' lang='lat' dir='ltr'><strong>liberatus</strong></span> <span class='ocrx_word' id='word_1_84' title='bbox 640 1645 837 1696; x_wconf 89' lang='lat' dir='ltr'><strong>,neque</strong></span> <span class='ocrx_word' id='word_1_85' title='bbox 855 1630 1064 1679; x_wconf 86' lang='lat' dir='ltr'><strong>solitum</strong></span> <span class='ocrx_word' id='word_1_86' title='bbox 1083 1629 1147 1678; x_wconf 90' lang='lat' dir='ltr'><strong>ab</strong></span> <span class='ocrx_word' id='word_1_87' title='bbox 1167 1623 1469 1696; x_wconf 87' lang='lat' dir='ltr'><strong>imperatore</strong></span> <span class='ocrx_word' id='word_1_88' title='bbox 1490 1628 1759 1690; x_wconf 88' lang='lat' dir='ltr'><strong>honorem,</strong></span> 
     </span>
     <span class='ocr_line' id='line_1_16' title="bbox 387 1705 1759 1775; baseline -0.001 -19"><span class='ocrx_word' id='word_1_89' title='bbox 387 1717 437 1756; x_wconf 87' lang='lat' dir='ltr'><strong>et</strong></span> <span class='ocrx_word' id='word_1_90' title='bbox 467 1705 724 1758; x_wconf 86' lang='lat' dir='ltr'><strong>codicillos</strong></span> <span class='ocrx_word' id='word_1_91' title='bbox 753 1725 883 1775; x_wconf 87' lang='lat' dir='ltr'><strong>quos</strong></span> <span class='ocrx_word' id='word_1_92' title='bbox 906 1716 1088 1758; x_wconf 84' lang='lat' dir='ltr'><strong>vocant</strong></span> <span class='ocrx_word' id='word_1_93' title='bbox 1109 1707 1191 1774; x_wconf 92' lang='lat' dir='ltr'><strong>(id</strong></span> <span class='ocrx_word' id='word_1_94' title='bbox 1215 1718 1314 1768; x_wconf 77' lang='lat' dir='ltr'><strong>est,</strong></span> <span class='ocrx_word' id='word_1_95' title='bbox 1342 1710 1558 1770; x_wconf 78' lang='grc' dir='ltr'>δέλτους),</span> <span class='ocrx_word' id='word_1_96' title='bbox 1591 1723 1759 1756; x_wconf 84' lang='lat' dir='ltr'><strong>conse-</strong></span> 
     </span>
     <span class='ocr_line' id='line_1_17' title="bbox 387 1782 1763 1856; baseline 0 -20"><span class='ocrx_word' id='word_1_97' title='bbox 387 1798 536 1837; x_wconf 89' lang='lat' dir='ltr'><strong>cutus</strong></span> <span class='ocrx_word' id='word_1_98' title='bbox 557 1808 568 1836; x_wconf 68' lang='grc' dir='ltr'><em>τ</em></span> <span class='ocrx_word' id='word_1_99' title='bbox 595 1806 697 1856; x_wconf 87' lang='lat' dir='ltr'><strong>qua</strong></span> <span class='ocrx_word' id='word_1_100' title='bbox 722 1790 1044 1855; x_wconf 78' lang='lat' dir='ltr'><strong>praerogativa</strong></span> <span class='ocrx_word' id='word_1_101' title='bbox 1066 1782 1218 1837; x_wconf 81' lang='lat' dir='ltr'><strong>nemo</strong></span> <span class='ocrx_word' id='word_1_102' title='bbox 1245 1790 1299 1836; x_wconf 92' lang='lat' dir='ltr'><strong>in</strong></span> <span class='ocrx_word' id='word_1_103' title='bbox 1325 1789 1436 1837; x_wconf 88' lang='lat' dir='ltr'><strong>aliis</strong></span> <span class='ocrx_word' id='word_1_104' title='bbox 1461 1787 1763 1837; x_wconf 77' lang='lat' dir='ltr'><strong>exercitibus</strong></span> 
     </span>
     <span class='ocr_line' id='line_1_18' title="bbox 388 1865 1763 1933; baseline 0 -20"><span class='ocrx_word' id='word_1_105' title='bbox 388 1868 627 1933; x_wconf 91' lang='lat' dir='ltr'><strong>princeps</strong></span> <span class='ocrx_word' id='word_1_106' title='bbox 660 1867 845 1933; x_wconf 88' lang='lat' dir='ltr'><strong>gaudet</strong></span> <span class='ocrx_word' id='word_1_107' title='bbox 881 1888 890 1913; x_wconf 91' lang='lat'>:</span> <span class='ocrx_word' id='word_1_108' title='bbox 924 1877 1039 1932; x_wconf 90' lang='lat' dir='ltr'><strong>post</strong></span> <span class='ocrx_word' id='word_1_109' title='bbox 1072 1866 1470 1914; x_wconf 88' lang='lat' dir='ltr'><strong>cornicularium</strong></span> <span class='ocrx_word' id='word_1_110' title='bbox 1504 1883 1623 1914; x_wconf 86' lang='lat' dir='ltr'><strong>vero</strong></span> <span class='ocrx_word' id='word_1_111' title='bbox 1659 1865 1763 1933; x_wconf 88' lang='lat' dir='ltr'><strong>pri·</strong></span> 
     </span>
     <span class='ocr_line' id='line_1_19' title="bbox 389 1942 1764 2010; baseline 0 -19"><span class='ocrx_word' id='word_1_112' title='bbox 389 1945 638 1992; x_wconf 88' lang='lat' dir='ltr'><strong>miscrinii</strong></span> <span class='ocrx_word' id='word_1_113' title='bbox 663 1945 794 2005; x_wconf 90' lang='lat' dir='ltr'><strong>duo,</strong></span> <span class='ocrx_word' id='word_1_114' title='bbox 817 1961 948 2009; x_wconf 87' lang='lat' dir='ltr'><strong>quos</strong></span> <span class='ocrx_word' id='word_1_115' title='bbox 975 1945 1132 1991; x_wconf 83' lang='lat' dir='ltr'><strong>Graeci</strong></span> <span class='ocrx_word' id='word_1_116' title='bbox 1169 1945 1363 2009; x_wconf 88' lang='lat' dir='ltr'><strong>primos</strong></span> <span class='ocrx_word' id='word_1_117' title='bbox 1393 1942 1550 1992; x_wconf 86' lang='lat' dir='ltr'><strong>officii</strong></span> <span class='ocrx_word' id='word_1_118' title='bbox 1596 1943 1764 2010; x_wconf 88' lang='lat' dir='ltr'><strong>adpel-</strong></span> 
     </span>
     <span class='ocr_line' id='line_1_20' title="bbox 389 2021 1768 2086; baseline -0.001 -16"><span class='ocrx_word' id='word_1_119' title='bbox 389 2022 498 2070; x_wconf 86' lang='lat' dir='ltr'><strong>lant</strong></span> <span class='ocrx_word' id='word_1_120' title='bbox 520 2040 530 2068; x_wconf 86' lang='lat'><strong>:</strong></span> <span class='ocrx_word' id='word_1_121' title='bbox 555 2021 1035 2070; x_wconf 83' lang='lat' dir='ltr'><strong>commentarienses</strong></span> <span class='ocrx_word' id='word_1_122' title='bbox 1057 2021 1162 2069; x_wconf 93' lang='lat' dir='ltr'><strong>duo</strong></span> <span class='ocrx_word' id='word_1_123' title='bbox 1193 2022 1482 2086; x_wconf 21' lang='lat' dir='ltr'><strong>(italautem</strong></span> <span class='ocrx_word' id='word_1_124' title='bbox 1501 2022 1669 2069; x_wconf 78' lang='lat' dir='ltr'><strong>vocari</strong></span> <span class='ocrx_word' id='word_1_125' title='bbox 1692 2037 1768 2068; x_wconf 79' lang='lat' dir='ltr'><strong>so·-</strong></span> 
     </span>
     <span class='ocr_line' id='line_1_21' title="bbox 388 2092 1768 2168; baseline -0.001 -19"><span class='ocrx_word' id='word_1_126' title='bbox 388 2099 527 2162; x_wconf 87' lang='lat' dir='ltr'><strong>lent,</strong></span> <span class='ocrx_word' id='word_1_127' title='bbox 579 2101 672 2167; x_wconf 92' lang='lat' dir='ltr'><strong>qui</strong></span> <span class='ocrx_word' id='word_1_128' title='bbox 706 2100 1105 2168; x_wconf 87' lang='lat' dir='ltr'><strong>hypomnemata</strong></span> <span class='ocrx_word' id='word_1_129' title='bbox 1137 2099 1409 2159; x_wconf 89' lang='lat' dir='ltr'><strong>scribunt)</strong></span> <span class='ocrx_word' id='word_1_130' title='bbox 1441 2119 1451 2147; x_wconf 95' lang='lat'><strong>:</strong></span> <span class='ocrx_word' id='word_1_131' title='bbox 1484 2092 1768 2166; x_wconf 86' lang='lat' dir='ltr'><strong>regendarii</strong></span> 
     </span>
     <span class='ocr_line' id='line_1_22' title="bbox 391 2178 1769 2245; baseline 0.001 -20"><span class='ocrx_word' id='word_1_132' title='bbox 391 2178 497 2225; x_wconf 92' lang='lat' dir='ltr'><strong>duo</strong></span> <span class='ocrx_word' id='word_1_133' title='bbox 515 2214 528 2237; x_wconf 90' lang='lat'><strong>,</strong></span> <span class='ocrx_word' id='word_1_134' title='bbox 556 2180 649 2244; x_wconf 87' lang='lat' dir='ltr'><strong>qui</strong></span> <span class='ocrx_word' id='word_1_135' title='bbox 672 2194 880 2226; x_wconf 86' lang='lat' dir='ltr'><strong>cursum</strong></span> <span class='ocrx_word' id='word_1_136' title='bbox 901 2179 1171 2245; x_wconf 89' lang='lat' dir='ltr'><strong>publicum</strong></span> <span class='ocrx_word' id='word_1_137' title='bbox 1192 2187 1379 2244; x_wconf 87' lang='lat' dir='ltr'><strong>regunt</strong></span> <span class='ocrx_word' id='word_1_138' title='bbox 1401 2197 1410 2225; x_wconf 92' lang='lat'>:</span> <span class='ocrx_word' id='word_1_139' title='bbox 1433 2195 1565 2226; x_wconf 82' lang='lat' dir='ltr'><strong>curae</strong></span> <span class='ocrx_word' id='word_1_140' title='bbox 1587 2179 1769 2244; x_wconf 88' lang='lat' dir='ltr'><strong>episto-</strong></span> 
     </span>
     <span class='ocr_line' id='line_1_23' title="bbox 393 2256 1286 2325; baseline 0.002 -21"><span class='ocrx_word' id='word_1_141' title='bbox 393 2256 559 2305; x_wconf 89' lang='lat' dir='ltr'><strong>larum</strong></span> <span class='ocrx_word' id='word_1_142' title='bbox 604 2259 820 2324; x_wconf 78' lang='lat' dir='ltr'><strong>Ponticae</strong></span> <span class='ocrx_word' id='word_1_143' title='bbox 856 2259 1129 2325; x_wconf 82' lang='lat' dir='ltr'><strong>provinciae</strong></span> <span class='ocrx_word' id='word_1_144' title='bbox 1166 2259 1286 2306; x_wconf 87' lang='lat' dir='ltr'><strong>duo.</strong></span> 
     </span>
    </p>

    <p class='ocr_par' dir='ltr' id='par_1_4' title="bbox 394 2329 1776 2959">
     <span class='ocr_line' id='line_1_24' title="bbox 465 2329 1773 2413; baseline -0.002 -27"><span class='ocrx_word' id='word_1_145' title='bbox 465 2335 508 2386; x_wconf 87' lang='lat'><strong>5.</strong></span> <span class='ocrx_word' id='word_1_146' title='bbox 523 2338 587 2384; x_wconf 90' lang='lat' dir='ltr'><strong>At</strong></span> <span class='ocrx_word' id='word_1_147' title='bbox 599 2335 804 2386; x_wconf 83' lang='lat' dir='ltr'><strong>fortasse</strong></span> <span class='ocrx_word' id='word_1_148' title='bbox 815 2337 1000 2413; x_wconf 78' lang='lat' dir='ltr'><strong>aliquis</strong></span> <span class='ocrx_word' id='word_1_149' title='bbox 1009 2337 1146 2386; x_wconf 91' lang='lat' dir='ltr'><strong>haud</strong></span> <span class='ocrx_word' id='word_1_150' title='bbox 1155 2329 1345 2408; x_wconf 73' lang='lat' dir='ltr'><strong>absque</strong></span> <span class='ocrx_word' id='word_1_151' title='bbox 1359 2338 1554 2406; x_wconf 83' lang='lat' dir='ltr'><strong>ratione</strong></span> <span class='ocrx_word' id='word_1_152' title='bbox 1566 2337 1773 2384; x_wconf 88' lang='lat' dir='ltr'><strong>interro-</strong></span> 
     </span>
     <span class='ocr_line' id='line_1_25' title="bbox 394 2416 1771 2486; baseline -0.001 -22"><span class='ocrx_word' id='word_1_153' title='bbox 394 2426 478 2484; x_wconf 87' lang='lat' dir='ltr'><strong>get</strong></span> <span class='ocrx_word' id='word_1_154' title='bbox 488 2453 501 2477; x_wconf 92' lang='lat'><strong>,</strong></span> <span class='ocrx_word' id='word_1_155' title='bbox 518 2427 719 2466; x_wconf 86' lang='lat' dir='ltr'><strong>causam</strong></span> <span class='ocrx_word' id='word_1_156' title='bbox 734 2419 1004 2485; x_wconf 85' lang='lat' dir='ltr'><strong>inquirens</strong></span> <span class='ocrx_word' id='word_1_157' title='bbox 1014 2457 1028 2481; x_wconf 91' lang='lat'><strong>,</strong></span> <span class='ocrx_word' id='word_1_158' title='bbox 1039 2433 1197 2486; x_wconf 88' lang='lat' dir='ltr'><strong>quare</strong></span> <span class='ocrx_word' id='word_1_159' title='bbox 1207 2456 1219 2478; x_wconf 89' lang='lat'><strong>,</strong></span> <span class='ocrx_word' id='word_1_160' title='bbox 1232 2434 1350 2467; x_wconf 91' lang='lat' dir='ltr'><strong>cum</strong></span> <span class='ocrx_word' id='word_1_161' title='bbox 1365 2433 1543 2483; x_wconf 81' lang='lat' dir='ltr'><strong>omnes</strong></span> <span class='ocrx_word' id='word_1_162' title='bbox 1555 2416 1771 2476; x_wconf 83' lang='lat' dir='ltr'><strong>admini-</strong></span> 
     </span>
     <span class='ocr_line' id='line_1_26' title="bbox 396 2495 1772 2565; baseline -0.001 -20"><span class='ocrx_word' id='word_1_163' title='bbox 396 2498 664 2546; x_wconf 85' lang='lat' dir='ltr'><strong>strationes</strong></span> <span class='ocrx_word' id='word_1_164' title='bbox 674 2495 1011 2565; x_wconf 87' lang='lat' dir='ltr'><strong>habeant‚qui</strong></span> <span class='ocrx_word' id='word_1_165' title='bbox 1027 2514 1158 2547; x_wconf 85' lang='lat' dir='ltr'><strong>curae</strong></span> <span class='ocrx_word' id='word_1_166' title='bbox 1172 2497 1501 2565; x_wconf 87' lang='lat' dir='ltr'><strong>epistolarum</strong></span> <span class='ocrx_word' id='word_1_167' title='bbox 1510 2506 1772 2556; x_wconf 82' lang='lat' dir='ltr'><strong>vocantur,</strong></span> 
     </span>
     <span class='ocr_line' id='line_1_27' title="bbox 398 2575 1775 2646; baseline -0.001 -23"><span class='ocrx_word' id='word_1_168' title='bbox 398 2575 542 2624; x_wconf 86' lang='lat' dir='ltr'><strong>urbis</strong></span> <span class='ocrx_word' id='word_1_169' title='bbox 561 2612 576 2636; x_wconf 91' lang='lat'>‚</span> <span class='ocrx_word' id='word_1_170' title='bbox 609 2594 870 2626; x_wconf 88' lang='lat' dir='ltr'><strong>armorum</strong></span> <span class='ocrx_word' id='word_1_171' title='bbox 897 2594 1217 2646; x_wconf 88' lang='lat' dir='ltr'><strong>operumque</strong></span> <span class='ocrx_word' id='word_1_172' title='bbox 1239 2577 1425 2627; x_wconf 84' lang='lat' dir='ltr'><strong>scrinia</strong></span> <span class='ocrx_word' id='word_1_173' title='bbox 1450 2578 1512 2626; x_wconf 92' lang='lat' dir='ltr'><strong>iis</strong></span> <span class='ocrx_word' id='word_1_174' title='bbox 1536 2575 1775 2625; x_wconf 80' lang='lat' dir='ltr'><strong>careant?</strong></span> 
     </span>
     <span class='ocr_line' id='line_1_28' title="bbox 398 2650 1773 2705; baseline 0.001 -7"><span class='ocrx_word' id='word_1_175' title='bbox 398 2650 642 2702; x_wconf 82' lang='lat' dir='ltr'><strong>Videlicet</strong></span> <span class='ocrx_word' id='word_1_176' title='bbox 659 2655 803 2704; x_wconf 89' lang='lat' dir='ltr'><strong>urbis</strong></span> <span class='ocrx_word' id='word_1_177' title='bbox 825 2657 1071 2705; x_wconf 86' lang='lat' dir='ltr'><strong>scrinium</strong></span> <span class='ocrx_word' id='word_1_178' title='bbox 1091 2656 1154 2705; x_wconf 87' lang='lat' dir='ltr'><strong>ad</strong></span> <span class='ocrx_word' id='word_1_179' title='bbox 1174 2657 1434 2704; x_wconf 88' lang='lat' dir='ltr'><strong>Thraciam</strong></span> <span class='ocrx_word' id='word_1_180' title='bbox 1458 2654 1773 2703; x_wconf 88' lang='lat' dir='ltr'><strong>administra-</strong></span> 
     </span>
     <span class='ocr_line' id='line_1_29' title="bbox 401 2733 1772 2803; baseline 0.001 -24"><span class='ocrx_word' id='word_1_181' title='bbox 401 2733 593 2781; x_wconf 87' lang='lat' dir='ltr'><strong>tionem</strong></span> <span class='ocrx_word' id='word_1_182' title='bbox 615 2734 852 2798; x_wconf 83' lang='lat' dir='ltr'><strong>refertur3</strong></span> <span class='ocrx_word' id='word_1_183' title='bbox 871 2754 1086 2803; x_wconf 90' lang='lat' dir='ltr'><strong>operum</strong></span> <span class='ocrx_word' id='word_1_184' title='bbox 1117 2755 1237 2788; x_wconf 85' lang='lat' dir='ltr'><strong>vero</strong></span> <span class='ocrx_word' id='word_1_185' title='bbox 1266 2738 1329 2786; x_wconf 88' lang='lat' dir='ltr'><strong>ad</strong></span> <span class='ocrx_word' id='word_1_186' title='bbox 1353 2737 1475 2786; x_wconf 88' lang='lat' dir='ltr'><strong>alias</strong></span> <span class='ocrx_word' id='word_1_187' title='bbox 1504 2735 1634 2784; x_wconf 89' lang='lat' dir='ltr'><strong>forte</strong></span> <span class='ocrx_word' id='word_1_188' title='bbox 1658 2750 1772 2799; x_wconf 89' lang='lat' dir='ltr'><strong>pro-</strong></span> 
     </span>
     <span class='ocr_line' id='line_1_30' title="bbox 401 2813 1774 2881; baseline 0.001 -23"><span class='ocrx_word' id='word_1_189' title='bbox 401 2813 615 2872; x_wconf 88' lang='lat' dir='ltr'><strong>vincias,</strong></span> <span class='ocrx_word' id='word_1_190' title='bbox 635 2815 689 2860; x_wconf 92' lang='lat' dir='ltr'><strong>in</strong></span> <span class='ocrx_word' id='word_1_191' title='bbox 711 2817 856 2879; x_wconf 91' lang='lat' dir='ltr'><strong>queis</strong></span> <span class='ocrx_word' id='word_1_192' title='bbox 874 2833 1086 2881; x_wconf 90' lang='lat' dir='ltr'><strong>operum</strong></span> <span class='ocrx_word' id='word_1_193' title='bbox 1110 2819 1496 2866; x_wconf 88' lang='lat' dir='ltr'><strong>restaurationes</strong></span> <span class='ocrx_word' id='word_1_194' title='bbox 1520 2814 1631 2862; x_wconf 86' lang='lat' dir='ltr'><strong>fieri</strong></span> <span class='ocrx_word' id='word_1_195' title='bbox 1657 2829 1774 2860; x_wconf 89' lang='lat' dir='ltr'><strong>con·</strong></span> 
     </span>
     <span class='ocr_line' id='line_1_31' title="bbox 404 2884 1776 2959; baseline 0.001 -21"><span class='ocrx_word' id='word_1_196' title='bbox 404 2892 556 2957; x_wconf 86' lang='lat' dir='ltr'><strong>tingit</strong></span> <span class='ocrx_word' id='word_1_197' title='bbox 586 2910 596 2939; x_wconf 93' lang='lat'><strong>:</strong></span> <span class='ocrx_word' id='word_1_198' title='bbox 625 2909 736 2958; x_wconf 84' lang='lat' dir='ltr'><strong>quae</strong></span> <span class='ocrx_word' id='word_1_199' title='bbox 760 2896 1004 2959; x_wconf 86' lang='lat' dir='ltr'><strong>quoniam</strong></span> <span class='ocrx_word' id='word_1_200' title='bbox 1040 2912 1146 2944; x_wconf 91' lang='lat' dir='ltr'><strong>non</strong></span> <span class='ocrx_word' id='word_1_201' title='bbox 1174 2895 1449 2944; x_wconf 87' lang='lat' dir='ltr'><strong>admodum</strong></span> <span class='ocrx_word' id='word_1_202' title='bbox 1482 2884 1689 2951; x_wconf 79' lang='lat' dir='ltr'><strong>crebrae,</strong></span> <span class='ocrx_word' id='word_1_203' title='bbox 1713 2889 1776 2938; x_wconf 80' lang='lat' dir='ltr'><strong>ab</strong></span> 
     </span>
    </p>

    <p class='ocr_par' dir='ltr' id='par_1_5' title="bbox 1441 2978 1551 3019">
     <span class='ocr_line' id='line_1_32' title="bbox 1441 2978 1551 3019; baseline 0 0"><span class='ocrx_word' id='word_1_204' title='bbox 1441 2988 1505 3019; x_wconf 83' lang='lat'><strong>20</strong></span> <span class='ocrx_word' id='word_1_205' title='bbox 1529 2978 1551 3003; x_wconf 84' lang='lat'>²</span> 
     </span>
    </p>
   </div>
  </div>
 </body>
</html>
