2748 3834
837 531 925 567 nn
950 519 1207 568 sonum
1238 530 1427 568 zYno.
1754 518 1813 570 ix

525 627 683 693 Cujus
705 628 942 694 imaginis
973 646 1105 695 saepe
1129 628 1259 679 mihi
1287 630 1434 681 venit
1468 631 1525 682 in
1561 637 1813 696 mentem,

456 717 627 766 tamin
640 717 742 766 hoc
755 725 957 781 tempus
967 716 1190 765 intuenti
1206 751 1220 775 ,
1238 716 1378 780 quod
1393 725 1635 783 tanquam
1649 717 1820 769 insula

453 803 710 854 fortunata
745 806 799 853 in
829 804 958 853 mari
987 802 1174 852 infesto
1209 804 1421 867 eniteat,
1466 821 1620 870 quam
1650 808 1707 856 in
1739 807 1819 856 hi-

454 891 623 941 storiae
644 891 941 956 Byzantinae
962 890 1216 941 studiosos
1229 928 1244 955 ,
1281 908 1349 942 ex
1367 892 1483 942 luce
1509 893 1541 942 J
1543 894 1820 943 ustinianei

454 978 628 1028 saeculi
646 979 702 1029 in
719 979 1014 1030 Heracliani
1033 979 1303 1045 caliginem
1326 981 1497 1032 subito
1521 980 1824 1031 incidentes.

455 1067 662 1120 Etenim
688 1108 704 1135 ,
761 1078 820 1121 ut
862 1072 928 1121 sit
978 1072 1219 1137 quamvis
1259 1071 1617 1138 vituperabilis
1658 1073 1687 1122 J
1694 1073 1822 1123 usti-

457 1157 603 1208 niani
625 1167 742 1210 aetas
763 1161 876 1212 aliis
898 1162 1077 1221 rebuS,
1094 1217 1097 1221 Δ
1115 1150 1292 1212 oculos
1325 1170 1495 1212 tamen
1527 1163 1823 1229 perstringit

459 1245 656 1311 objecto
678 1249 949 1315 splendore
971 1250 1196 1317 quodam
1218 1269 1326 1303 non
1343 1251 1500 1303 modo
1530 1253 1606 1302 rei
1631 1252 1823 1302 milita-

459 1333 557 1397 riS‚
594 1336 683 1386 sed
710 1338 862 1389 etiam
881 1339 1147 1391 literarum
1178 1359 1189 1390 :
1223 1341 1406 1392 habuit
1438 1346 1612 1407 poetas
1643 1341 1824 1391 tolera-

459 1423 604 1489 biles,
626 1425 964 1496 philosophos
978 1449 1089 1482 non
1108 1433 1322 1483 omnino
1334 1431 1630 1496 delirantes,
1651 1449 1825 1482 rerum

461 1515 733 1579 scriptores
749 1519 901 1570 etiam
924 1520 1229 1572 luculentos.
1252 1522 1493 1584 Quorum
1516 1522 1748 1571 omnium
1767 1522 1826 1570 in

462 1618 679 1656 numero
704 1607 913 1674 Lydum
934 1609 1144 1662 fortasse
1166 1613 1349 1678 reponi
1372 1594 1574 1678 oport-et
1609 1631 1621 1662 ε
1654 1628 1827 1677 quan-

462 1689 618 1756 quam
638 1710 753 1759 quae
774 1701 997 1748 carmine
1013 1702 1271 1764 scripserit
1285 1718 1392 1748 non
1410 1707 1653 1764 superant
1673 1716 1684 1746 ε
1707 1697 1827 1747 scri·

463 1781 623 1845 psisse
638 1790 810 1834 tamen
835 1794 1030 1836 constat
1054 1780 1124 1836 ex
1150 1786 1317 1836 edicto
1334 1786 1688 1851 Imperatoris,
1708 1784 1828 1833 edit.

462 1885 572 1934 pag.
594 1884 718 1934 noo,
767 1871 1007 1921 laudante
1035 1874 1340 1923 suavitatem
1371 1873 1479 1938 ejus
1512 1874 1570 1920 in
1600 1872 1829 1936 poeticis.

463 1955 667 2006 Verum
687 1973 803 2021 quae
834 1957 1052 2007 feliciter
1082 1958 1481 2019 interciderunt,
1523 1965 1612 2007 aut
1638 1959 1826 2024 latent,

463 2060 522 2094 ea
538 2044 766 2095 sinamus
784 2046 1058 2111 quiescere.
1082 2045 1474 2111 Philosophiam
1495 2045 1678 2111 Lydus
1696 2053 1832 2114 certe

465 2133 629 2200 attigit
665 2153 679 2182 ε
712 2134 820 2185 vid.
866 2134 986 2185 edit.
1021 2153 1132 2202 pag.
1165 2137 1277 2203 194.
1315 2135 1404 2186 An
1442 2135 1645 2201 scriptis
1680 2133 1831 2183 editis

463 2223 759 2298 illustrarit,v
800 2226 989 2292 ambigi
1031 2233 1208 2292 potest.
1233 2226 1373 2276 Nam
1405 2225 1545 2292 quod
1567 2225 1648 2275 illi
1669 2224 1833 2274 ascri-

464 2312 608 2363 bitur
626 2314 1023 2365 Commentarius
1045 2318 1099 2365 in
1116 2317 1519 2383 Theophrastum
1541 2318 1604 2365 de
1622 2333 1770 2364 sensa
1785 2321 1834 2363 et

462 2403 744 2469 phantasia
756 2443 778 2466 ,
816 2405 930 2471 sive
959 2406 1131 2472 potius
1149 2407 1206 2457 in
1222 2407 1396 2457 locum
1413 2424 1481 2457 ex
1495 2407 1631 2456 libro
1649 2406 1833 2471 quinto

470 2492 818 2558 Physicorum
861 2496 1209 2563 Theophrasti
1254 2497 1401 2563 (vid.
1457 2495 1656 2546 Harles.
1700 2490 1834 2543 Bibl.

469 2582 634 2633 Graec.
656 2583 784 2634 Vol.
813 2585 914 2634 III.
948 2604 1059 2653 pag.
1097 2586 1211 2637 444.
1248 2593 1299 2635 et
1326 2585 1547 2651 Catalog.
1587 2579 1834 2634 Biblioth.

468 2670 598 2737 Reg.
621 2672 777 2724 Paris.
796 2674 925 2741 1759
940 2673 1028 2724 fol.
1046 2675 1183 2725 Part.
1205 2675 1263 2724 II
1277 2691 1388 2741 pag.
1411 2674 1570 2732 424),
1591 2671 1645 2721 id
1665 2676 1835 2735 aperte

472 2754 658 2809 falsum
680 2766 770 2808 est.
791 2761 1201 2813 Commentarius
1219 2763 1357 2813 enim
1373 2762 1462 2811 ille
1474 2798 1490 2826 ,
1514 2760 1606 2826 qui
1625 2764 1763 2808 extat
1778 2755 1836 2802 in

475 2842 600 2894 Cod-
634 2855 810 2900 notsro
829 2853 994 2918 Regio
1020 2853 1177 2919 1954,
1215 2855 1423 2918 (estque
1443 2852 1612 2918 primo
1636 2860 1785 2895 cusus
1806 2858 1836 2893 a

1607 2933 1639 2983 b
