2748 3834
981 462 1076 511 206
1315 476 1441 506 Lym
1476 474 1546 503 DE
1580 473 2039 506 MAarsrnA‘rmus

981 553 1061 599 δέσι
1099 551 1135 595 1)
1173 548 1397 612 τυραννίδος
1435 546 1803 605 διασκεδασοὶμενος.
1839 537 1943 606 Ἐμοὶ
1974 547 2018 592 δὲ
2051 546 2184 606 δοκεῖ’,
2217 548 2347 614 βραχὺ

980 628 1266 691 παρατραπέντι
1304 627 1374 669 τοῦ
1415 627 1567 668 σκοποῦ
1585 657 1601 678 ,
1641 623 1729 686 περὶ
1766 630 1834 674 τῆς
1869 627 2133 688 προσηγορίας
2174 631 2247 673 τοῦ
2277 645 2354 674 πο·

979 709 1106 764 ταμοῦ
1150 701 1214 746 διὰ
1255 700 1438 763 βραχέων
1481 701 1610 746 εἰπεῖν·
1651 704 1720 745 νῦν
1762 702 1832 761 μὲν
1874 704 1951 765 γὰρ
1990 705 2111 765 Ιςρον
2131 739 2146 760 ,
2198 709 2265 751 νῦν
2308 705 2352 752 δὲ

980 780 1197 828 Δανούὸιον
1236 778 1304 824 τὸν
1344 777 1464 824 αὐτὸν
1504 777 1729 842 εὑρίσκομεν
1770 779 2071 841 ὀνομαζόμενον·
2111 785 2196 834 ὤςε
2225 781 2352 834 δεήσει

982 857 1246 907 διδασκαλίας.

1050 932 1130 981 32.
1165 938 1227 982 En
1262 940 1338 982 τῶν
1362 926 1535 987 Ρητικών
1568 932 1611 979 ²)
1640 937 1767 1001 ὀρῶν,
1805 939 1861 995 (ἃ
1885 947 1955 991 τῆς
1987 900 2177 993 Κελτικῆς
2207 941 2352 1005 ὀρεινῆς

983 1017 1083 1062 εἷναί
1102 1032 1214 1079 φησιν
1238 1016 1258 1060 ὁ
1280 1015 1477 1077 Καῖσαρ’
1459 1032 1498 1059 εν
1517 1012 1658 1076 βιὸλίῳ
1677 1021 1734 1077 τῷ
1751 1019 1895 1079 πρώτῳ
1916 1024 2003 1068 τῆς
2009 1018 2094 1064 κατ’
2109 1020 2226 1064 αὐτὸν
2247 1020 2356 1065 Γαλ-

983 1096 1092 1146 >unic
1118 1092 1347 1157 ἐφημερίδος
1355 1095 1400 1151 ,)
1419 1093 1462 1137 ἐκ
1483 1100 1578 1153 μιοῖς
1599 1102 1724 1156 πηγῆς
1747 1099 1769 1139 ὅ
1792 1112 1833 1141 τε
1861 1085 1988 1148 ῥῆνος
2017 1100 2039 1140 ὅ
2063 1114 2105 1142 τε
2121 1087 2266 1160 ’ἴς-ρος,
2289 1099 2358 1144 οὐ·

984 1171 1136 1234 δέτερος
1162 1170 1205 1216 δὲ
1228 1171 1357 1217 αὐτῶν
1383 1174 1436 1232 μὴ
1467 1174 1536 1221 τὴν
1574 1172 1792 1233 ἐπωνυμίαν
1814 1174 1984 1234 ἀμείψας
2011 1174 2074 1220 ἐπὶ
2100 1178 2168 1224 τὴν
2198 1177 2358 1222 θάλασ-

985 1267 1057 1295 σαν
1078 1247 1285 1302 ἐξωθεῖται.
1314 1254 1354 1296 Ο
1379 1250 1449 1310 μὲν
1475 1267 1554 1313 γαρ
1581 1254 1706 1302 Ρῆνος
1737 1259 1869 1298 πᾶσαν
1895 1256 1962 1303 τὴν
1983 1253 2204 1303 Γαλατικήν
2229 1255 2356 1314 μεσό-

978 1345 1117 1389 γειον,
1155 1336 1267 1391 τριχῆ
1304 1327 1531 1391 διῃρημένην
1571 1322 1646 1386 5),
1679 1330 1730 1380 εἷς
1766 1331 1956 1380 Κελτικην
1972 1364 1987 1387 ,
2017 1332 2262 1396 Γερμανικην
2293 1331 2357 1376 καὶ

985 1406 1229 1463 Γαλατικὴν,
1254 1405 1491 1469 διατρέχων,
1527 1407 1600 1452 οὐκ
1624 1405 1734 1470 ἄρδει
1759 1411 1878 1468 μόνον
1899 1409 2019 1457 αυτὴν
2042 1396 2141 1468 μετὰ
2165 1396 2360 1461 ῥοδανὸν,

987 1485 1090 1530 ἀλλὰ
1124 1484 1188 1528 καὶ
1221 1487 1414 1548 φρουρεῖ,
1447 1486 1654 1548 φυλάττων
1687 1485 1893 1549 ἀνέφοδον.
1938 1486 2049 1549 Πρὸς
2090 1484 2135 1530 δὲ
2162 1486 2207 1531 τὸ
2238 1487 2360 1551 πέρας

989 1560 1129 1622 σχεδὸν
1152 1569 1221 1613 τῆς
1250 1563 1428 1625 ῥύσεως,
1455 1563 1508 1613 εἷς
1531 1565 1674 1608 Μόσον
1699 1563 1767 1608 τὸν
1791 1563 1991 1623 ποταμὸν,
2013 1565 2169 1624 γείτονα
2189 1568 2260 1610 τοῦ
2288 1563 2364 1622 βο·

989 1641 1093 1702 ρείου
1118 1642 1217 1702 πρὸς
1235 1638 1346 1703 δύσιν
1365 1641 1538 1686 ὠκεανοῦ
1545 1676 1560 1699 ,
1580 1641 1785 1686 ὀλισθεύων
1795 1676 1809 1697 ,
1827 1641 2043 1687 &meamet
2064 1641 2136 1703 μὲν
2154 1645 2221 1693 τὴν
2240 1637 2360 1688 οὖσαν

990 1718 1097 1779 αὐτῷ
1121 1721 1319 1782 καταρχὰς
1344 1719 1565 1780 ἐπωνυμίαν
1576 1755 1592 1776 ,
1613 1719 1696 1781 μετ’
1718 1720 1864 1765 ἐκείνου
1886 1719 1930 1765 δὲ
1957 1722 2037 1772 τοῖς
2063 1729 2132 1772 τῆς
2161 1724 2362 1784 Βρεττανι-

991 1802 1060 1846 κῆς
1083 1797 1283 1850 ,θαλάττης
1309 1797 1532 1861 ἐπισύρεται
1546 1798 1722 1850 κόλποις.
1742 1803 1781 1850 Ο
1799 1798 1842 1844 δὲ
1861 1788 2008 1862 Ϊς-ρος,
2025 1799 2144 1851 ἐάσας
2162 1800 2228 1850 τὸν
2249 1799 2362 1844 ἀδελ-

872 1879 966 1957 pc·
994 1876 1064 1938 φόν
1084 1877 1182 1939 πρὸς
1209 1876 1374 1924 δύνοντα
1396 1880 1504 1929 ἥλιον
1535 1882 1752 1943 ἀναχωρεῖν
1776 1875 1841 1937 4),
1866 1881 1984 1931 αὐτὸς
2009 1879 2054 1934 '‘')
2076 1880 2140 1927 ἐπὶ
2166 1883 2234 1940 τὴν
2264 1880 2364 1941 ἑῴαν

910 1933 965 1968 7⁰⁶
991 1958 1199 2019 μερίζεται.
1223 1959 1306 2002 Καὶ
1324 1964 1418 2021 ἄχρι
1432 1960 1502 2019 μὲν
1524 1961 1763 2016 Παννονίας,
1788 1961 1858 2013 (ἣν
1876 1947 2046 2011 Έλληνες
2068 1961 2291 2015 Παιωνίαν,
2315 1948 2366 2002 δι’

993 2034 1184 2096 εὐφωνίαν
1202 2035 1266 2077 καὶ
1286 2039 1410 2094 φυγὴν
1436 2033 1708 2095 βαρὸαρισμοῦ
1730 2037 2026 2093 κενοτομοῦντες
2041 2027 2105 2090 5),
2128 2034 2360 2090 §nauscam

992 2109 1056 2153 καὶ
1080 2106 1263 2169 Σὲιρμίου
1273 2142 1289 2164 ,
1310 2115 1378 2159 τῆς
1398 2110 1519 2155 ποίλαι
1538 2109 1610 2169 μὲν
1627 2099 1818 2170 ῥωμαίων
1844 2109 2072 2170 εὐδαίμονος
2097 2113 2272 2167 πόλεως,
2297 2117 2364 2156 νῦν

993 2186 1036 2232 δὲ
1068 2185 1270 2232 Γιπαιδῶν
1282 2220 1297 2242 ,
1328 2189 1396 2235 τὴν
1430 2186 1531 2231 ἰδίαν
1567 2186 1749 2240 διασώζει
1785 2190 2067 2250 προσηγορίαν·
2104 2188 2191 2250 περὶ
2226 2186 2270 2232 δὲ
2296 2191 2365 2238 τὴν
2414 2244 2417 2246 ,

994 2264 1174 2326 Θρᾳκίαν
1203 2264 1423 2324 εἱλούμενος
1440 2298 1455 2320 ,
1481 2264 1695 2310 ἀποὸοἱλλει
1724 2265 1794 2325 μὲν
1828 2267 1938 2327 παρὰ
1965 2267 2046 2315 τοῖς
2075 2264 2292 2328 ἐπιχωρίοις
2320 2266 2364 2311 τὸ

993 2343 1217 2403 ἔμπροσθεν
1242 2345 1366 2402 ὄνομα
1373 2378 1387 2399 ,
1406 2343 1620 2394 Δανούὸιος
1642 2336 1691 2383 6)’
1706 2343 1951 2404 μεταὸαλλει.
1977 2336 2097 2389 Οὕτω
2124 2342 2168 2388 δὲ
2188 2344 2308 2390 αὐτὸν
2330 2347 2367 2390 οἱ

995 2419 1156 2482 Θρᾷκες
1194 2419 1408 2476 ἐκάλεσαν,
1449 2420 1545 2481 διότι
1562 2454 1577 2477 ,
1611 2421 1673 2467 ἐπὶ
1696 2416 1737 2462 7)
1769 2423 1868 2484 πρὸς
1899 2427 2041 2485 ἄρκτον
2069 2425 2138 2483 ὅρη
2171 2422 2237 2466 καὶ
2262 2423 2366 2482 θρα·-

1053 2539 1095 2586 1)
1123 2537 1234 2590 Lego
1253 2539 1337 2578 δέει.

1052 2604 1097 2651 2)
1123 2601 1442 2657 Οοᾶ.ρητορικῶν.

1051 2667 1101 2715 3)
1129 2666 1225 2706 Cod.
1246 2669 1474 2721 διειρημένην.

1055 2729 1110 2784 4)
1134 2731 1234 2771 Cod.
1251 2735 1470 2787 ἀναχωροῦν.

1054 2797 1103 2845 5)
1129 2796 1240 2850 Lego
1255 2802 1560 2850 καινοτομοῦντες.
