2748 3834
991 534 1164 566 xxxlv
1412 530 1904 563 COMMENTARIUS

990 628 1177 673 Μανονὴλ
1201 626 1235 667 οἱ
1254 628 1478 676 Βυζάντιοι,
1508 626 1732 682 Νικηρόρος
1755 624 1773 664 ὁ
1799 621 1974 671 διάκονος
2001 620 2150 681 [Cod-
2180 625 2329 683 Νικηφ.

988 715 1087 758 &wiz-
1129 712 1235 756 sine
1273 707 1528 767 articulo]
1572 711 1590 753 ὁ
1623 708 1758 771 Φρὺξ,
1793 710 1812 753 ὁ
1849 701 1989 758 Ᾱσινός
2024 707 2095 761 [l.
2129 699 2329 765 Ᾱσιανὸς]

984 800 1125 854 Λέων,
1160 798 1367 861 Θεόδωρος
1405 799 1423 841 ὁ
1463 804 1529 847 τῆς
1563 797 1675 849 Σίδης
1712 801 1913 858 γενόμενος
1955 796 2166 859 πρόεδρος,
2210 796 2273 839 καὶ
2312 796 2331 838 ὁ

984 888 1121 931 τούτου
1141 887 1293 944 ἀνεψιὸς
1312 885 1374 928 καὶ
1400 886 1603 943 ὁμώνυμος
1628 885 1647 927 ὁ
1670 892 1736 934 τῆς
1759 886 1797 929 ἐν
1813 886 2005 941 {effug-eloe
2021 886 2332 944 καθηγησάμενος

982 964 1182 1025 ἐκκλησίαζ
1195 1008 1209 1028 ,
1225 973 1286 1016 καὶ
1309 973 1367 1018 ἐπὶ
1384 973 1509 1031 τούτῳ
1519 973 1736 1034 Δημήτριος
1758 976 1776 1017 ὁ
1795 982 1860 1024 τῆς
1880 977 2076 1029 Κυζίκου,
2095 974 2158 1016 καὶ
2179 974 2197 1015 ὁ
2214 990 2334 1031 μονα-

981 1065 1051 1122 χὸς
1079 1049 1244 1112 Ῐωοὶννης
1269 1061 1288 1103 ὁ
1312 1059 1449 1110 Λυδὸς
1482 1062 1620 1105 οἰκείαν
1651 1064 1792 1113 ἕκαςος
1814 1062 1991 1107 ὑπόθεσιν
2006 1063 2329 1125 προσθησοέμενος

983 1148 1045 1208 [Ι.
1080 1149 1424 1212 προς-ησοὶμενος]·
1459 1151 1478 1194 ὁ
1506 1149 1576 1209 μὲν
1594 1153 1746 1196 ἔπαινον
1765 1150 1978 1207 βασιλέως,
2014 1152 2033 1194 ὁ
2054 1150 2096 1194 δὲ
2116 1151 2235 1209 ψόγον
2257 1167 2329 1192 πα-

978 1244 1161 1302 τριάρχου
1170 1275 1184 1295 ,
1203 1242 1330 1300 ἔτερος
1349 1238 1390 1283 δὲ
1409 1241 1521 1301 φίλον
1538 1241 1745 1300 ἐγκώμιον,
1770 1242 1833 1284 καὶ
1848 1242 1885 1285 ἐν
1906 1241 2058 1302 ἱςοριάς
2081 1245 2245 1298 σχήματι
2264 1239 2329 1282 τὸν

978 1328 1115 1372 ἑαυτοῦ
1127 1331 1270 1379 ἕκαςος
1288 1329 1601 1390 ἀποπληροῦντες
1613 1331 1770 1373 σκοπόν·
1793 1329 1926 1391 πόῤῥω
1945 1336 2012 1378 τῆς
2030 1334 2104 1372 τῶν
2124 1328 2328 1387 εἰρημένων

978 1416 1126 1478 ἀνδρῶν
1169 1419 1390 1462 πεπτώκασι
1421 1416 1605 1468 διανοίας.
1646 1417 1820 1464 Vertit
1862 1412 2293 1463 Monte-falconius
2315 1429 2324 1458 :

973 1505 1110 1550 Nam
1129 1505 1409 1552 Theodorus
1422 1507 1805 1569 Daphnopates,
1819 1508 1873 1552 N
1873 1508 2024 1552 ioetas
2038 1504 2328 1565 Paphlago,

976 1592 1161 1654 Joseplz
1214 1593 1455 1640 Genesius
1500 1603 1545 1640 et
1582 1593 1797 1641 Manuel
1842 1593 2089 1656 Byzantii
2112 1628 2131 1648 ,
2182 1590 2238 1636 N
2237 1592 2328 1635 ioe-

967 1680 1162 1740 plzorus
1197 1683 1454 1728 Diaconus
1473 1682 1655 1744 Phryx
1670 1718 1689 1740 ,
1726 1682 1831 1728 Leo
1861 1681 2057 1728 Asinus
2085 1678 2150 1738 [Ι.
2172 1679 2326 1726 Asia-

978 1770 1097 1825 nus]
1115 1803 1132 1826 ,
1173 1771 1461 1816 Theodorus
1480 1772 1567 1831 qui
1584 1771 1698 1831 fuit
1715 1754 1850 1816 Sidae
1865 1786 2057 1831 praeses
2070 1805 2087 1827 ,
2120 1770 2327 1831 ejusque

978 1857 1295 1902 consobrinus
1311 1865 1357 1900 et
1377 1858 1680 1916 cognominis
1706 1858 1792 1916 qui
1817 1857 2096 1902 Sebastenae
2111 1857 2329 1918 praefuit

977 1945 1198 1988 ecclesiae
1229 1976 1241 1997 ,
1287 1944 1582 2003 insuperque
1625 1943 1913 1986 Demetrius
1952 1942 2227 2002 Cyzicenus
2267 1959 2327 1988 ac

976 2031 1195 2074 Joannes
1213 2028 1394 2089 Lydus
1407 2028 1698 2083 monachus,
1715 2011 1861 2074 suum
1887 2029 2073 2089 singuli
2098 2030 2193 2075 sibi
2207 2047 2324 2091 pro-

971 2123 1205 2178 ponentes
1239 2123 1579 2177 argumentum
1611 2134 1624 2157 :
1663 2116 1798 2160 alius
1843 2115 2168 2177 Imperatoris
2216 2118 2322 2163 lau-

976 2204 1119 2261 dem,
1147 2205 1280 2250 alius
1304 2204 1624 2251 Patriarohae
1650 2205 1982 2267 vituperium,
2012 2206 2145 2251 alius
2170 2207 2320 2251 amici

976 2294 1249 2338 encomium
1278 2297 1368 2338 etc.
1394 2291 1512 2350 Quo
1532 2291 1589 2338 in
1608 2291 1721 2338 loco
1742 2291 1845 2340 viri
1876 2290 2011 2339 docti
2041 2292 2096 2339 in
2124 2293 2153 2339 J
2158 2310 2318 2340 oanne

973 2378 1122 2442 Lydo
1152 2378 1400 2427 monacho
1423 2385 1654 2426 nostrum
1678 2379 1775 2426 sibi
1805 2379 1836 2426 J
1839 2396 2053 2427 oannem
2079 2380 2178 2428 visi
2198 2389 2316 2428 sunt

975 2482 1254 2529 agnoscere.
1281 2466 1484 2514 Verum
1505 2465 1643 2514 haud
1675 2466 1777 2513 scio
1804 2482 1957 2529 quam
1993 2473 2139 2514 recte'.
2161 2468 2314 2515 Mitto

972 2553 1034 2601 de
1056 2553 1293 2602 monachi
1312 2555 1547 2617 nomine,
1572 2549 1687 2602 cum
1712 2554 1889 2619 Lydus
1916 2562 2085 2603 noster
2108 2556 2314 2619 quidvis

971 2642 1140 2706 potius
1179 2641 1334 2690 fuerit
1376 2661 1529 2707 quam
1566 2642 1845 2691 monachus
1882 2661 1892 2691 :
1932 2644 1995 2691 sit
2030 2645 2129 2693 hoc
2175 2662 2314 2693 error

971 2730 1218 2797 Soylitzae.
1237 2731 1414 2779 Caeteri
1437 2749 1562 2782 vero
1595 2748 1795 2787 omneS,
1837 2750 1965 2796 quos
1987 2751 2089 2782 una
2114 2751 2313 2782 memo-

969 2826 1047 2867 rat
1071 2854 1087 2882 ,
1133 2818 1195 2868 de
1240 2835 1461 2884 quorum
1497 2821 1703 2887 quidem
1738 2827 1879 2870 aetate
1920 2829 2110 2872 constat
2133 2857 2148 2886 ,
2207 2840 2312 2888 quo
