2748 3834
669 519 1050 556 astruamus
1082 519 1350 554 nonnus
1384 521 1488 556 nn.
1522 522 1605 558 111.
1718 508 1809 561 281

452 589 789 659 praedantium
806 633 820 659 ‚
855 596 1056 662 rapinas
1074 630 1090 653 ,
1128 595 1337 662 vimque
1374 606 1425 646 et
1459 597 1814 665 populationes

451 686 544 739 per
570 674 856 738 provincias
885 675 982 723 iter
1008 672 1301 723 facientium
1321 672 1633 726 exercituum
1647 713 1662 738 ,
1681 675 1823 744 quos

454 747 600 798 obvia
620 752 908 803 necessitate
933 753 987 800 in
1004 751 1170 801 hostes
1185 753 1258 801 ire
1273 755 1524 821 contingit
1540 773 1554 815 ;
1570 770 1725 822 quam
1743 753 1813 804 ob

455 842 562 876 rem
583 827 819 879 leviorem
838 830 935 880 sibi
949 830 1278 879 barbarorum
1298 832 1640 882 incursionem
1655 848 1814 900 quam*

455 921 668 956 suorum
689 916 882 958 moram
909 909 1122 975 subjecti
1153 920 1392 976 reputant
1417 930 1429 960 ε
1466 911 1553 960 has
1573 912 1730 978 igitur
1743 909 1812 960 ob

455 998 627 1032 musas
644 1021 659 1044 ,
698 1002 787 1035 seu
829 987 1001 1052 potius
1043 987 1346 1037 calamitates
1361 1025 1375 1049 ,
1408 1005 1552 1039 suam
1592 989 1812 1055 quisque

452 1062 669 1127 patriam
684 1062 1051 1130 relinquentes,
1080 1082 1197 1113 cum
1215 1065 1364 1115 otiari
1384 1081 1539 1133 quam
1559 1067 1811 1132 sapienter

453 1137 680 1188 laborare
718 1141 926 1190 mallent
949 1180 963 1202 ‚
1015 1144 1207 1209 quippe
1257 1160 1322 1191 ne
1357 1145 1554 1210 copiam
1601 1142 1810 1210 quidem

401 1231 402 1234 ¹
455 1213 728 1279 habentes3
754 1220 1124 1286 imperatoriam
1151 1220 1536 1312 ιιὼεἫηιιῑίΙὶ
1566 1221 1715 1270 turba
1741 1236 1814 1269 re-

455 1292 666 1359 plebant
692 1315 704 1344 :
732 1297 1080 1364 crescebatque
1115 1308 1290 1355 contra
1324 1284 1602 1348 innumera
1634 1297 1814 1347 delicta

459 1386 564 1419 una
575 1387 694 1420 cum
713 1373 1044 1423 multitudine
1056 1374 1177 1442 legis
1188 1375 1443 1453 severim-<33
1457 1374 1582 1424 adeo
1596 1385 1655 1423 ut
1669 1384 1815 1423 antea

459 1448 712 1513 neglectos
748 1454 1097 1518 magistratus,
1134 1463 1367 1525 praetores
1399 1463 1451 1502 et
1490 1451 1779 1521 quaesitores
1801 1489 1815 1513 ,

455 1523 599 1588 juxta
615 1529 831 1593 priscam
848 1530 987 1596 apud
1001 1534 1278 1593 Romanos,
1313 1542 1374 1580 ut
1397 1546 1549 1599 supra
1573 1547 1818 1593 memora-

459 1603 628 1654 vimus
637 1642 652 1667 ,
665 1609 1109 1670 consuetudinem,
1121 1611 1373 1658 creaverit.
1388 1610 1491 1671 Qui
1504 1608 1622 1658 cum
1637 1607 1819 1676 populi

461 1692 658 1747 peccata
679 1695 1127 1752 persequerentur,
1151 1687 1316 1736 acrius
1333 1688 1491 1736 excita
1511 1685 1791 1735 multitudo
1804 1719 1821 1744 ,

461 1769 512 1808 et
530 1759 699 1810 fatales
727 1763 782 1810 in
804 1765 1160 1813 consensiones
1185 1752 1470 1831 compulsa,
1496 1773 1652 1812 totam
1679 1778 1828 1829 paene

461 1837 642 1888 urbem
685 1840 924 1889 incendio
944 1850 945 1853 ’
966 1841 1163 1890 delevit,
1202 1844 1263 1889 Et
1308 1840 1575 1908 Cappadox
1611 1839 1821 1908 quidem

462 1919 683 1967 evanuit.
702 1920 839 1984 Ignis
855 1935 974 1969 vero
988 1956 1003 1980 ,
1022 1920 1172 1968 initio
1190 1936 1251 1967 ex
1266 1918 1391 1967 aulae
1405 1918 1627 1967 aditibus
1644 1926 1791 1983 capto
1808 1952 1822 1977 ,

395 2009 399 2013 ·
459 1994 526 2044 ab
562 1997 625 2045 iis
659 2012 815 2062 porro
847 1996 913 2045 ad
944 1997 1174 2063 primum
1209 1995 1460 2062 templum
1479 2032 1493 2056 ‚
1525 1995 1590 2044 ab
1627 1995 1726 2043 hoc
1759 1993 1824 2042 ad

462 2072 653 2134 Juliani
675 2073 876 2120 ‘curiam
904 2075 1095 2138 (quem
1125 2082 1356 2121 senatum
1375 2108 1390 2131 ‚
1416 2071 1698 2128 secundum
1725 2073 1850 2118 Au-'

462 2151 598 2214 gusti
611 2151 1049 2213 congregationem
1062 2185 1077 2208 ,
1090 2149 1296 2212 vocant)
1312 2185 1325 2207 ,
1340 2146 1561 2212 indeque
1575 2146 1639 2194 ad
1654 2145 1822 2194 forum

464 2240 756 2292 progressus
777 2235 851 2274 est
865 2261 879 2285 ‚
902 2225 1042 2292 quod
1057 2227 1374 2291 Zeuxippum
1389 2241 1416 2271 a
1431 2226 1688 2289 Zeuxippo
1709 2239 1823 2288 rege

400 2300 404 2303 ’
467 2315 650 2355 vocant
679 2341 694 2365 ,
738 2304 835 2352 sub
869 2321 975 2369 quo
1008 2305 1307 2370 octogesima
1337 2299 1507 2351 Octava
1538 2302 1825 2368 olympiade

466 2383 835 2448 Megarensium
868 2382 1067 2431 colonia
1096 2383 1393 2444 Byzantium
1427 2382 1604 2440 missa,
1630 2382 1685 2428 in
1719 2381 1829 2445 ejus

467 2458 718 2508 honorem
751 2458 921 2509 forum
961 2461 1030 2508 ita
1057 2446 1328 2527 adpellavit
1345 2496 1359 2520 ‚
1398 2458 1828 2526 quemadmodum

469 2537 758 2588 Charidemi
784 2537 1067 2605 porticibus
1081 2574 1095 2597 ‚
1117 2539 1209 2603 qui
1233 2525 1469 2598 Cyzicum
1491 2536 1830 2585 condiderunt

468 2618 778 2683 Megarenses
799 2651 813 2676 ‚
849 2632 1039 2665 nomen
1071 2625 1328 2682 posuere:
1355 2616 1543 2664 etenim
1564 2616 1827 2680 imperasse

528 2744 579 2793 5)
605 2742 706 2794 cod.
718 2758 899 2797 μ’σναμε·

525 2809 574 2856 6)
601 2804 701 2846 Cod.
718 2808 950 2860 χαριδὴμους.

532 2873 579 2927 7)
604 2871 716 2925 Lego
735 2874 938 2917 οἰκίσαντας.
999 2868 1046 2920 8)
1073 2868 1184 2925 Lego
1197 2871 1257 2911 καὶ
1272 2870 1357 2923 γάρ.
1571 2928 1636 2978 36
