2748 3834
986 519 1080 566 290
1479 514 1840 546 FRAGMENTA.

986 597 1067 639 σιόν
1091 592 1133 636 δὲ
1148 590 1231 634 κατ’
1250 594 1335 638 ἔτος
1354 590 1498 638 ἕκαςον
1524 587 1586 632 ἐπιΙ
1603 588 1756 650 λύτροις
1784 590 2040 650 αἷῃιαλώτων
2066 593 2256 656 λαθραίως
2280 593 2350 640 ἐκ..

984 671 1082 729 χέων
1105 665 1279 719 διετέλει,
1316 663 1516 726 δακρύων,
1543 666 1580 709 εἴ
1594 666 1671 713 πού
1694 683 1750 716 τις
1782 668 1869 730 περὶ
1892 670 2250 734 πολεμίωνέφόδου
2283 671 2349 717 καὶ

984 749 1195 803 ἀπαγωγῆς
1219 742 1474 801 αἰχμαλώτων
1502 743 1600 805 πρὸς
1626 743 1745 789 αὐτὸν
1773 743 1889 807 διεξίῃ
1910 753 1965 808 τῷ
1985 748 2106 809 λόγῳ.
2136 749 2219 793 Καὶ
2241 754 2350 813 μοίρ-

984 839 1082 883 τυρα
1109 823 1176 869 τὴν
1207 821 1385 869 ἀλήθειαν
1414 821 1486 865 οὐκ
1509 820 1691 881 αἰδοῦμαι
1711 823 1862 882 καλεῖν,
1892 825 2103 877 ἀληθεύων·
2127 825 2214 871 οἴδα
2236 844 2350 874 κυτο-

985 902 1105 950 νίς-ων
1135 892 1234 942 ¹)...
1257 898 1422 960 χρυσίου
1449 900 1639 945 τοσούτου
1660 901 1811 960 τυχὼν,
1829 904 1998 954 ἀπόντος
2024 904 2167 961 αὐτοῦ,
2185 906 2284 968 πρὸς
2304 906 2349 953 τὸ

985 977 1142 1026 πλῆθος
1162 982 1237 1021 τῶν
1262 976 1530 1038 λυτρουμένων
1554 973 1719 1036 (ταύτης
1747 981 1824 1042 γὰρ
1852 975 1958 1024 2)...
1983 982 2174 1034 ἀνθούσης
2197 983 2351 1032 ἐσθῆτα

989 1053 1217 1100 διεπώλεσεν
1236 1047 1293 1095 5).
1307 1084 1317 1094 .
1330 1084 1341 1095 .
1371 1053 1435 1096 καὶ
1455 1046 1499 1093 4)
1515 1054 1707 1115 προσθεὶς
1727 1058 1818 1100 ὅσον
1839 1055 1886 1105 ἦν
1905 1056 2012 1118 αὐτῷ
2028 1056 2191 1104 δύνατον
2209 1077 2301 1123 προ.
2313 1094 2324 1105 .
2337 1094 2349 1105 .

987 1150 1037 1179 αν
1067 1138 1143 1178 τῶν
1169 1131 1319 1193 λύτρων
1343 1128 1532 1190 ἐξέπεμψε
1550 1135 1690 1176 τοῦτον
1708 1133 1856 1192 ἀμύνην
1875 1135 2082 1196 ἀντίροπον
2097 1136 2161 1181 καὶ
2177 1138 2354 1200 θεοπρε-

989 1216 1088 1261 ποῦς
1107 1210 1270 1270 ἀνέλαὸε
1296 1210 1362 1254 τὸν
1388 1210 1470 1254 υἱον
1497 1211 1597 1256 κατὰ
1621 1213 1748 1256 πάντα
1771 1214 1914 1274 τρόπον
1932 1211 2187 1266 ἐκπαιδεύσας
2202 1216 2354 1268 τούτοις

989 1290 1303 1350 ἐνασχολεῖσθαι.
1322 1279 1362 1335 ὁ
1383 1287 1424 1334 δὲ
1447 1290 1513 1334 τὸν
1538 1291 1730 1350 παριόντα
1750 1289 1815 1333 καὶ
1837 1295 2112 1354 μαρτυροῦντα
2136 1296 2216 1344 τοῖς
2245 1311 2355 1355 γινο-

992 1370 1144 1428 μένοις,
1171 1367 1254 1411 κατ’
1278 1367 1397 1425 εὐχὰς
1423 1368 1670 1423 ἀπενίκησεν,
1699 1367 1752 1416 ὡς
1771 1366 1931 1411 ’ἐκείνων
1957 1373 2119 1430 χάριτας
2142 1369 2277 1415 εἰδέναι
2299 1375 2355 1430 τῷ

993 1448 1116 1506 θείῳ,
1143 1448 1200 1489 ὅτι
1226 1447 1281 1503 τῷ
1310 1445 1460 1502 σώματι
1492 1443 1677 1489 τελευτῶν
1697 1446 1780 1494 ταῖς
1806 1445 2043 1501 εύσεὸείαις,
2064 1447 2266 1497 ἀθάνατος
2291 1445 2357 1493 διὰ

991 1529 1068 1569 τῶν
1090 1522 1198 1584 παρὰ
1220 1525 1287 1567 τοῦ
1311 1519 1451 1571 παιδὸς
1469 1524 1744 1583 πραττομένων
1763 1520 1948 1582 διαμένοι.
2016 1570 2020 1571 ⁷
2359 1529 2361 1531 ’

1066 1596 1142 1661 76.
1177 1602 1381 1645 Τοσοῦτον
1415 1602 1508 1644 ὄντα
1537 1600 1604 1646 τὸν
1634 1598 1762 1662 ἄνδρα
1793 1608 1940 1663 χαίρων
1968 1600 1993 1644 6
2020 1598 2203 1658 βασιλευς
2229 1601 2356 1647 πείθει

995 1681 1157 1738 καμάτω
1191 1677 1346 1739 πολλῶ,
1379 1694 1506 1726 κοινην
1544 1679 1596 1728 εἷς
1629 1683 1804 1730 ἅπαντας
1837 1676 2112 1732 ἐπιδείξασθαι
2136 1680 2210 1727 τὴν
2237 1693 2357 1723 ουσαν

996 1757 1104 1818 αυτῷ
1127 1763 1195 1807 τῆς
1221 1756 1349 1816 ψυχῆς
1378 1756 1627 1819 ἐλευθερίαν,
1652 1758 1716 1802 καὶ
1743 1759 1811 1806 τὴν
1838 1757 1934 1821 ὑπὲρ
1959 1764 2036 1804 τῶν
2057 1762 2191 1803 κοινῶν
2215 1754 2357 1805 ἀναδέ-

996 1833 1145 1886 ξασθαι
1173 1833 1380 1898 φροντίδα,
1401 1836 1465 1879 καὶ
1492 1834 1663 1883 διιθῦναι
1691 1836 1758 1880 τὸν
1782 1836 1895 1880 οἴακα
1927 1831 1967 1877 5)
1996 1835 2263 1896 βυθιζομένης
2285 1832 2357 1885 ἤδη

996 1915 1078 1962 τοῖς
1100 1916 1232 1964 κακοῖς
1255 1922 1322 1965 τῆς
1342 1914 1432 1965 ὅλης
1459 1915 1669 1965 πολιτείας.
1696 1904 1736 1960 ὁ
1758 1913 1801 1959 δὲ
1823 1919 1928 1959 ἄκων
1948 1914 2066 1973 (οὐδὲ
2091 1916 2167 1976 γὰρ
2187 1911 2358 1976 ἀσφαλὲς

998 1990 1189 2048 βασιλέως
1217 1993 1364 2044 αἴτησιν
1383 1993 1743 2054 παρακρούσασθαι
1771 1991 1979 2050 τοιούτου)
2007 1995 2076 2041 τὴν
2094 1991 2163 2051 μὲν
2190 1992 2360 2050 λειτουρ-

996 2070 1082 2128 γίαν
1103 2069 1271 2115 υπῆλθε·
1295 2068 1427 2117 δεδιὼς
1448 2064 1486 2108 6)
1507 2068 1549 2122 δὲ
1572 2073 1702 2125 ὅμως,
1740 2069 1804 2112 καὶ
1834 2073 1889 2127 τῷ
1908 2070 2069 2128 μεγέθει
2086 2072 2162 2113 τῶν
2186 2084 2278 2130 φο.
2286 2062 2353 2111 .7)

997 2144 1188 2220 ἰλιγγιῶν,
1212 2141 1286 2187 εἶδε
1307 2143 1373 2187 τὸν
1396 2143 1491 2186 θεὸν
1518 2146 1691 2204 παρόντα
1712 2143 1863 2200 βοηθεῖν
1885 2144 1992 2203 αυτῷ
2024 2144 2357 2204 προθυμούμενον.

999 2206 1094 2280 Ᾰμα
1115 2237 1215 2282 γαρ,
1234 2236 1300 2268 την
1322 2221 1448 2281 ἀρχην
1471 2219 1714 2298 παραλαὸὡν
1726 2220 1876 2270 καὶτῆς
1896 2219 2019 2269 αὐλῆς
2042 2219 2273 2281 προφανείς,
2299 2219 2361 2266 ἐπὶ
2411 2249 2414 2252 -

997 2305 1067 2348 τῆς
1102 2299 1249 2349 ἀπήνης
1284 2294 1513 2360 ἀνεφέρετο,
1543 2297 1700 2356 σύμπας
1733 2297 1754 2340 6
1781 2295 1904 2357 δῆμος
1935 2297 2063 2345 ἡλικίαι
2089 2314 2130 2342 τε
2156 2304 2268 2343 πᾶσα
2296 2297 2362 2342 καὶ

1001 2378 1136 2440 φύσις,
1165 2376 1263 2435 ὁμοῦ
1284 2377 1354 2425 τὰς
1378 2377 1508 2437 χεῖρας
1539 2375 1591 2424 εἷς
1613 2377 1680 2420 τὸν
1708 2378 1874 2438 οὕρανον
1900 2377 2185 2431 ἀνατείναντες,
2214 2378 2360 2435 ὕμνους

1001 2453 1299 2514 εὔχαρις-ηριόυς
1321 2453 1422 2511 μετὰ,
1436 2451 1613 2514 δακρύων
1638 2454 1821 2517 ἀνέφερον
1840 2458 1895 2514 τῷ
1917 2454 2216 2514 θεῷ·τοσαύτης
2238 2450 2362 2504 ἀξιώ-

1061 2612 1110 2667 1)
1137 2617 1371 2661 κυτονίςων...
1392 2611 1631 2666 Legendum
1641 2640 1654 2664 ,
1671 2612 1718 2653 ni
1731 2612 1874 2667 fallorj
1897 2619 2105 2656 κοιτωνιτῶν
2126 2617 2222 2667 αὐτῷ
2237 2613 2257 2668 ζ
2266 2608 2360 2656 cum

1005 2677 1092 2732 ejus
1110 2690 1232 2716 essem
1247 2674 1558 2728 cubicularius).

1057 2756 1114 2809 n)
1141 2755 1235 2795 Post
1248 2753 1492 2808 step-aliquot
1509 2753 1632 2793 literae
1651 2754 1847 2796 extinctae.

1058 2829 1109 2884 3)
1136 2832 1231 2873 Post
1246 2831 1454 2876 διεπώλεσεν
1478 2829 1566 2872 duae
1582 2830 1720 2873 saltem
1735 2832 1889 2887 paginae
1908 2831 2197 2877 desidetanuu.
