2748 3834
714 520 1086 555 murum-len:
1122 522 1391 557 ROMANAE
1425 524 1533 559 Ltn.
1569 527 1651 559 111.
1777 510 1874 581 257

509 595 849 657 tumentibus,
877 598 1109 646 carnium
1131 597 1358 664 pondere
1386 601 1532 665 quasi
1561 601 1821 654 manduen
1845 621 1877 654 a

506 672 655 722 vultu
696 674 982 723 demittens.
1026 674 1103 723 Ab
1144 674 1347 724 utribus
1389 676 1875 741 Maxillothylaeium

508 767 627 799 eum
646 751 800 818 vulgo
814 752 1075 802 vocabant.
1092 752 1339 803 Cerberus
1357 752 1442 803 hic
1459 755 1620 804 acutis
1636 754 1878 808 dentibus

508 831 797 879 communis
812 829 1021 896 quidem
1040 840 1146 880 erat
1164 833 1398 880 omnium
1412 834 1661 899 pernicies
1680 853 1692 883 :
1710 851 1875 885 meam

506 923 627 956 vero
655 907 1053 975 Philadelphiam
1079 910 1147 958 ita
1170 911 1378 976 penitus
1399 910 1652 974 exhausit,
1676 924 1736 962 ut
1762 924 1879 981 post

490 1002 650 1048 eum,
666 1004 773 1036 non
795 990 1014 1060 pecunia
1028 998 1227 1038 tantum
1246 989 1332 1039 sed
1354 989 1653 1042 hominibus
1666 1010 1876 1061 quoque

507 1082 692 1128 vacua,
712 1068 907 1117 nullam
933 1071 1264 1136 imposterum
1287 1087 1427 1138 spem
1456 1071 1679 1122 melioris
1701 1074 1874 1124 condi·

509 1149 664 1197 tionis
700 1151 921 1216 recipiat.
957 1153 1080 1199 Nam
1116 1167 1236 1199 cum
1270 1152 1684 1202 circumsonasset
1727 1153 1876 1202 illum

509 1242 625 1283 vere
644 1225 941 1276 infernalem
960 1227 1238 1277 daemonem
1252 1265 1267 1290 ,
1285 1229 1426 1295 quod
1442 1230 1711 1297 Euripides
1728 1230 1882 1294 dixit3

509 1302 773 1364 Lydorum
808 1322 911 1355 esse
954 1323 1080 1355 auro
1115 1306 1432 1371 abundantes
1468 1318 1653 1367 terras,
1695 1325 1879 1374 agmen

509 1378 796 1430 belluarum
818 1393 868 1431 et
889 1383 1243 1450 Cappadocum
1267 1385 1541 1434 exercitum
1565 1384 1795 1445 trahens,
1823 1387 1879 1434 in

512 1460 769 1524 regionem
827 1461 1005 1519 irruit,
1063 1461 1268 1510 nullum
1326 1478 1625 1523 commune,
1674 1462 1880 1511 nullum

511 1536 761 1598 medium,
785 1538 870 1588 sed
900 1538 1118 1606 praefeeti
1141 1541 1376 1607 praetorio
1398 1557 1592 1611 nomen
1611 1556 1881 1607 usurpans.

509 1615 704 1665 Deinde
727 1617 782 1665 in
805 1634 861 1666 ea
883 1633 1202 1667 commorans
1226 1617 1359 1668 nulli
1390 1620 1691 1668 miserorum
1722 1620 1881 1685 regio-

512 1696 594 1742 nis
616 1695 899 1746 incolarum
925 1708 1014 1746 aut
1038 1715 1122 1746 vas
1153 1695 1530 1765 quodcunque,
1553 1709 1643 1748 aut
1667 1714 1880 1750 uxorem

510 1774 820 1840 virginemve
836 1786 926 1825 aut
944 1775 1308 1825 adolescentem
1328 1777 1637 1826 incolumem
1653 1786 1704 1825 et
1719 1776 1886 1842 stupri

510 1863 764 1918 expertem
783 1853 992 1920 reliquit
1007 1891 1020 1914 ,
1046 1855 1401 1903 innocentium
1427 1856 1594 1920 poenis
1620 1853 1852 1902 Phalarin
1871 1888 1884 1912 ,

511 1927 773 1995 hospitum
798 1930 1016 1980 caedibus
1039 1932 1241 1980 Busirin
1259 1967 1274 1992 ,
1297 1930 1646 1998 voluptatibus
1666 1940 1717 1979 et
1735 1929 1882 1979 luxu·

512 2006 587 2052 ria
611 2006 1005 2073 Sardanapalum
1028 2007 1262 2056 referens.
1515 2055 1520 2059 .
1645 2029 1648 2032 ’

584 2081 662 2150 59.
697 2086 863 2150 Atque
890 2086 1091 2133 utinam
1117 2085 1199 2133 his
1222 2095 1495 2132 contentus
1511 2121 1526 2144 ,
1569 2102 1738 2150 neque
1763 2095 1885 2132 et...

514 2171 565 2208 et
607 2171 860 2210 terrorum
896 2159 1117 2227 ¹tragicis
1165 2163 1418 2226 majorum
1466 2161 1662 2210 civibus
1710 2172 1886 2209 auctor

515 2237 690 2286 fuisset
712 2237 723 2286 l
754 2239 978 2287 Plurima
1002 2238 1212 2304 quidem
1244 2240 1353 2303 ejus
1378 2238 1598 2286 facinora
1623 2251 1742 2286 sane
1772 2236 1888 2286 hor·

516 2334 603 2365 reo
618 2314 802 2364 referre
827 2334 838 2363 :
866 2317 1137 2364 innumera
1153 2326 1323 2364 autem
1342 2326 1463 2363 sunt
1475 2352 1488 2376 ,
1513 2325 1572 2363 ut
1590 2315 1668 2364 vel
1690 2317 1751 2363 iis
1768 2315 1887 2364 solis

518 2395 734 2442 maxima
753 2394 1017 2444 volumina
1031 2391 1278 2461 ¹lugubria
1307 2393 1544 2451 conficias
1562 2413 1580 2456 :³
1597 2410 1762 2443 unum
1790 2406 1887 2444 tra-

516 2473 688 2538 gicum
717 2472 828 2536 ejus
863 2471 1060 2520 facinus
1091 2474 1321 2539 pecuniae
1347 2488 1494 2520 eausa
1519 2482 1774 2537 patratum
1804 2472 1889 2520 hic

517 2549 803 2615 depingam.
839 2534 1107 2598 Petronius
1142 2550 1351 2617 quidam
1395 2548 1749 2615 Philadelphiae
1769 2587 1782 2609 ,
1832 2551 1886 2595 in

517 2627 680 2692 patria
702 2643 812 2674 mea
829 2663 843 2686 ,
867 2626 1148 2688 habitabat,
1180 2629 1260 2677 vir
1280 2627 1580 2687 honoratus,
1611 2637 1661 2675 et
1686 2640 1888 2692 genere,

522 2703 844 2754 facultatibus
891 2705 1153 2772 literisque
1193 2705 1370 2755 clarus.
1415 2707 1508 2754 Hic
1544 2723 1574 2754 a
1612 2702 1889 2769 majoribus

572 2859 619 2908 6)
643 2857 788 2897 Malim
804 2874 842 2897 τε
858 2860 930 2897 καὶ.
1621 2855 1631 2863 ⁸

1622 2915 1682 2963 33
