2748 3834
1003 510 1092 558 150
1306 520 1444 554 mrm
1474 519 1543 551 DE
1580 514 2048 550 MAGanAnnUs

990 603 1203 663 κρείττονος
1237 596 1485 644 ἀποσώζεται
1521 590 1748 642 δυνας-είας·
1793 596 1832 635 οἳ
1867 609 1908 638 τε
1936 594 2047 652 νόμοι
2078 593 2261 655 θορύὸων
2292 595 2356 641 καὶ

989 675 1234 734 πολυφόρτου
1274 671 1501 731 συγχύσεως
1533 669 1840 730 ἀπηλλάγησαν,
1866 669 1929 713 καὶ
1957 673 2180 733 προσφανὲς
2220 671 2283 724 ἐςι
2310 674 2354 719 τὸ

987 742 1148 798 δι’ἶιαιον·
1171 749 1236 794 καὶ
1258 742 1304 787 *)
1331 749 1543 809 ’μεταμέλει
1559 750 1640 799 τοῖς
1660 747 1910 812 φιλοδικαίοις
1932 743 1968 789 ²)
1978 783 1993 806 ‚
2027 751 2071 796 τὸ
2091 749 2180 812 πρὶν
2197 749 2357 814 ἔναγρυ-

988 840 1129 881 πνῆσαι
1156 831 1239 879 ταῖς
1273 828 1516 890 φιλονεικίαις
1525 862 1540 885 ,
1569 832 1699 888 μάχης
1727 825 1911 888 οὐδεμιᾶς
1941 828 1986 874 τὸ
2008 828 2167 885 λοιπὸν,
2197 826 2263 874 διὰ
2286 837 2354 882 τῆς

987 915 1062 957 τῶν
1091 911 1220 967 νόμων
1253 907 1538 968 καθαρότητος,
1565 905 1943 967 ὑπολιμπανομένης.
1977 907 2059 952 Καὶ
2086 907 2265 970 κρείττων
2285 907 2355 968 μὲν

988 992 1011 1038 ἡ
1038 987 1230 1046 βασιλέως
1254 987 1370 1047 ἀρετὴ
1398 977 1555 1031 ἐπαίνου
1577 988 1737 1038 παντός·
1767 985 1854 1047 ἐμοὶ
1879 985 1921 1031 δὲ
1948 986 2013 1031 καὶ
2041 988 2175 1050 καιρὸς
2204 986 2267 1033 ἐπὶ
2289 987 2356 1034 τὸν

991 1066 1138 1112 σκοπὸν
1165 1062 1341 1113 διαὸῆναι
1370 1068 1426 1125 τῷ
1447 1064 1569 1125 λόγῳ.

1059 1159 1103 1188 2.
1138 1134 1178 1188 H
1218 1144 1346 1187 τοίνυν
1381 1147 1437 1204 τῷ
1476 1142 1661 1205 ἱππάρχῴ
1705 1142 1998 1205 πειθαρχήσασα
2040 1140 2151 1195 τάξις
2188 1142 2283 1189 ποτὲ
2315 1143 2356 1188 ἐν

989 1222 1119 1272 ὅπλοις
1142 1220 1212 1280 μὲν
1233 1218 1279 1269 ἦν
1305 1225 1458 1266 α’πασα·
1488 1220 1663 1280 ὀνόματα
1686 1217 1729 1264 δὲ
1750 1220 1848 1280 αὐτῇ
1879 1220 2102 1280 καθομαλοῦ
2133 1224 2358 1282 προμῶται,

988 1303 1082 1362 ὅπερ
1108 1302 1231 1359 ὄνομα
1253 1300 1306 1350 εἷς
1327 1301 1502 1362 τέσσαρα
1525 1293 1565 1339 2)
1587 1299 1761 1358 τέμνεται
1781 1299 1946 1359 λόγους,
1970 1298 2023 1348 εἷς
2046 1295 2327 1360 δουκηναρίους
2342 1331 2356 1354 ,

988 1381 1041 1430 εἰς
1067 1379 1342 1440 κεντουρίωνας
1353 1412 1368 1434 ,
1387 1378 1439 1428 εἰς
1460 1376 1669 1441 βιάρχους·
1695 1375 1784 1442 περὶ
1807 1372 1862 1422 ὧν
1880 1377 1927 1421 ἂν
1951 1378 2053 1422 κατὰ
2073 1378 2141 1425 τὴν
2162 1380 2237 1421 τῶν
2259 1394 2360 1422 τακ-

987 1460 1100 1503 τικῶν
1128 1453 1345 1518 παράδοσιν
1374 1456 1635 1518 ἀφηγησάμην
1654 1489 1670 1512 ,
1714 1455 1748 1500 εἰ
1786 1456 1840 1515 μὴ
1874 1453 2012 1516 πόῤῥω
2042 1471 2120 1499 που
2155 1456 2224 1498 τοῦ
2261 1471 2361 1498 σκο-

988 1538 1065 1581 ποῦ
1095 1535 1384 1597 παρωθούμην.
1406 1533 1488 1579 Καὶ
1504 1534 1647 1585 ταύτης
1676 1541 1744 1584 τῆς
1770 1533 2055 1595 προσηγορίας,
2076 1538 2145 1582 τῆς
2167 1535 2244 1577 τῶν
2266 1544 2364 1595 ¹1th-

989 1618 1127 1673 μωτῶν
1155 1613 1256 1673 λέγω
1280 1607 1345 1669 5),
1376 1614 1431 1657 ἔτι
1452 1610 1517 1656 καὶ
1539 1615 1608 1656 νῦν
1630 1611 1670 1656 αἱ
1691 1611 1896 1673 λεγόμεναι
1921 1613 2103 1672 μάτρικες
2127 1605 2238 1671 (ἀντὶ
2264 1612 2362 1665 τοῦ,

990 1690 1216 1754 ἀπογραφαί
1237 1695 1314 1736 τῶν
1335 1686 1591 1753 καταλόγων)
1611 1695 1763 1752 μνήμην
1787 1691 2062 1753 ἀναφέρουσιν.
2085 1678 2174 1734 Ᾰπὸ
2196 1685 2363 1750 Αὐγού-

991 1769 1066 1820 ς·ο”υ
1096 1769 1148 1819 εἰς
1174 1771 1302 1832 ἕτερον
1328 1777 1463 1830 σχῆμα
1491 1777 1559 1820 τῆς
1595 1771 1723 1833 ἀρχῆς
1746 1771 1988 1832 περιςάσης,
2017 1767 2072 1818 ὡς
2099 1766 2285 1816 πολλάκις
2313 1766 2366 1811 εἴ·

989 1862 1124 1907 ρηται,
1149 1847 1446 1911 προσετέθησαν
1483 1848 1519 1893 οἱ
1542 1849 1745 1909 λεγόμενοι
1778 1845 2034 1909 ἀδιούτωρες,
2065 1844 2180 1890 οἱονεὶ
2208 1841 2359 1902 βοηθοί·

989 1922 1053 1966 καὶ
1073 1925 1217 1976 ταύτης
1241 1927 1361 1984 μόνης
1385 1933 1454 1976 τῆς
1475 1927 1742 1988 προσηγορίας
1767 1925 2076 1985 μνημονεύουσιν
2097 1924 2137 1968 αἱ
2160 1923 2271 1984 παρὰ
2287 1925 2364 1968 τῶν
2388 1952 2394 1958 ·

988 1998 1181 2058 βασιλέων
1209 2005 1506 2063 παρασχόμεναι
1535 2005 1616 2050 τοῖς
1649 2003 1702 2050 εἰς
1725 2003 1914 2062 ςρατείαν
1940 2003 2125 2061 παριοῦσι
2155 1996 2364 2060 προὸατω-

989 2077 1091 2138 ρίαι,
1114 2077 1227 2121 οἱονεὶ
1245 2082 1435 2129 συςάσεις
1461 2077 1524 2122 καὶ
1554 2075 1784 2129 ἀποδείξεις·
1814 2073 1935 2139 (οὐδὲ
1955 2077 2031 2139 γάρ
2057 2076 2191 2126 ἁπλῶς
2212 2076 2257 2122 τὸ
2276 2076 2364 2139 πρὶν

990 2150 1122 2197 ἄδειαν
1143 2148 1187 2194 4)
1210 2154 1308 2215 εἶχεν
1346 2155 1366 2199 ὃ
1402 2153 1662 2215 βουλόμενος·
1682 2157 1807 2208 ζώνην
1840 2153 2070 2217 περιθέσθαι
2104 2153 2284 2210 οἱανοῦν,
2309 2154 2364 2212 μὴ

989 2233 1178 2293 πρότερον
1205 2228 1437 2288 ἀποδείξας,
1470 2232 1523 2282 ὡς
1553 2232 1609 2284 εἴη
1642 2233 1742 2295 πρὸς
1777 2231 1897 2281 αὒτῆν
1922 2226 2160 2293 ἐπιτήδειος)
2191 2230 2365 2293 πρόὸαρε
2402 2264 2405 2266 -

989 2308 1064 2370 γὰρ
1087 2308 1131 2352 τὸ
1154 2309 1253 2368 μετὰ
1278 2307 1438 2370 δοκιμῆς
1461 2307 1644 2362 ἐπιδεῖξαι
1671 2309 1715 2355 τὸ
1736 2308 1987 2370 ὑποκείμενον
2012 2309 2194 2370 λέγουσιν
2221 2308 2256 2352 οἱ
2277 2296 2368 2353 Ῥω-

990 2388 1112 2446 μαῖοι.
1137 2387 1226 2432 Νῦν
1248 2386 1290 2432 δὲ
1312 2389 1356 2433 τὸ
1375 2389 1530 2439 πλῆθος
1553 2389 1674 2439 αὐτὰς
1693 2386 1739 2441 ἐξ
1763 2388 1940 2448 ἀμαθοῦς
1966 2388 2172 2448 μαντείας,
2193 2385 2364 2437 τάληθὲς

993 2461 1315 2525 παραδηλθύσης,
1340 2465 1598 2529 πριὸατωριάς
1620 2467 1750 2523 καλεῖ,
1780 2466 1938 2510 αὐτόθεν
1965 2467 2033 2513 τὴν
2063 2462 2216 2508 ἰδιώτου
2240 2463 2364 2521 τύχην

993 2540 1238 2602 εἷσαγούσης.
1261 2540 1370 2587 Οὐδὲ
1392 2544 1468 2606 γὰρ
1493 2541 1646 2589 ἰδιώτου
1671 2538 1916 2607 διαφέρουσιν
1943 2541 1980 2585 οἱ
1998 2543 2098 2602 μόνῃ
2121 2541 2367 2604 προσηγορίᾳ

1053 2689 1094 2738 1)
1121 2687 1232 2741 Lego
1254 2688 1453 2740 φιλοδίκοις.
1470 2687 1589 2729 conf.
1611 2702 1666 2739 ΙΙ,
1697 2695 1774 2742 29,
1807 2690 2087 2742 φιλοπράγμοσι,

1050 2754 1100 2802 2)
1124 2756 1448 2808 τέσσαρα-λόγους.
1477 2754 1588 2808 Lego
1607 2755 2053 2809 τέσσαρας-καταλόγους.
2082 2751 2203 2794 Conf.
2222 2766 2260 2805 1,
2299 2752 2365 2805 48.

1051 2818 1100 2867 3)
1126 2818 1224 2858 Cod.
1256 2820 1368 2870 λόγω.

1052 2883 1099 2932 4)
1125 2881 1223 2922 Cod.
1248 2886 1288 2922 ἀ.
1304 2900 1381 2934 ..ν,
1403 2882 1591 2923 extinctis
1611 2883 1752 2923 mediis
1772 2882 1916 2923 literis.
