2748 3834
569 524 959 559 nmponmcan
995 524 1269 557 nonanus
1302 526 1405 559 ιη.
1443 529 1475 560 ι.
1641 511 1704 575 43

345 588 456 652 tum
473 601 738 651 silviorum
752 615 1033 666 cognomen
1051 635 1064 658 ‚
1084 592 1169 648 sed
1186 600 1490 651 mulieribus
1502 619 1710 673 quoque

347 681 589 740 dabatur;
631 678 791 727 veluti
819 676 954 726 Rhea
989 676 1140 725 silvia
1156 714 1170 737 ‚
1200 688 1250 726 et
1282 677 1374 728 Ilia
1400 680 1564 730 Silvia.
1596 683 1712 734 Post

346 759 601 809 conditam
624 767 794 807 autem
813 760 1022 805 Romam
1042 765 1092 805 et
1111 767 1277 823 raptas
1290 757 1497 807 Sabinas
1513 762 1716 827 primus

215 835 218 838 ’
280 861 283 864 ⁴
347 857 435 889 rex
456 842 621 888 Numa
644 834 848 884 duobus
866 834 1167 883 nominibus
1187 851 1309 884 usus
1323 846 1417 898 est,
1436 836 1717 906 Pompilius

347 922 512 968 Numa
549 914 830 982 adpellatus
867 931 877 960 :
915 908 1135 980 quorum
1176 913 1305 964 illud
1337 911 1680 967 Romanorum
1701 955 1716 980 ,

351 997 449 1045 hoc
467 993 772 1062 Sabinorum
793 1007 1074 1058 cognomen
1095 1002 1212 1040 erat.
1238 995 1413 1061 Neque
1437 996 1574 1043 enim
1598 1005 1718 1044 ante

352 1074 500 1124 illuin
533 1072 751 1139 reperias
785 1068 1059 1119 Romulum
1078 1108 1092 1132 ,
1125 1088 1293 1137 neque
1314 1074 1529 1122 omnino
1556 1090 1718 1140 quen·

351 1168 507 1221 quam
537 1160 655 1198 ante
673 1149 977 1198 Sabinorum
1004 1166 1122 1220 cum
1143 1151 1381 1199 Romanis
1401 1152 1719 1215 conjunctio·

354 1247 470 1281 nem
486 1240 665 1297 praeter
679 1230 946 1296 proprium
965 1228 1074 1292 ejus
1091 1245 1277 1277 nomen
1295 1228 1436 1278 aliud
1452 1229 1718 1296 adcepisse.

422 1328 502 1359 aa.
541 1311 610 1357 Ac
636 1319 746 1356 tum
774 1307 982 1375 quidem
1007 1307 1234 1355 studium
1257 1319 1722 1375 ornamentumque

356 1387 456 1437 illis
475 1397 579 1437 erat
594 1424 608 1448 ‚
645 1387 855 1434 nomine
873 1385 940 1433 ab
962 1394 1179 1452 utraque
1195 1386 1354 1453 stirpe
1367 1385 1586 1453 gloriari.
1602 1389 1721 1434 Suc·

356 1467 538 1515 cedens
572 1475 742 1512 autem
767 1474 881 1512 aetas
909 1479 1038 1512 nova
1071 1455 1374 1530 cognomina
1409 1464 1724 1523 introduxit3

359 1561 502 1594 nunc
521 1561 549 1591 a
561 1543 774 1591 Troiana
796 1542 1061 1590 nobilitat!
1074 1579 1087 1602 ,
1104 1558 1246 1590 nunc
1257 1540 1324 1589 ab
1339 1537 1724 1610 &originibuffi

359 1639 491 1689 quos
503 1630 685 1670 vocant
697 1657 710 1681 ,
721 1617 1261 1686 autochthonibusq'ue
1272 1614 1493 1686 regionis
1509 1619 1730 1685 (etenim

358 1702 573 1759 scimus,
606 1698 914 1766 Cethegum,
954 1715 982 1746 a
1013 1689 1410 1764 terrigenis-illis
1442 1715 1602 1765 genus
1630 1697 1729 1763 jac-

361 1789 552 1830 tantem
572 1815 585 1839 ,
604 1776 803 1826 nudum
822 1787 958 1826 veste
971 1814 985 1838 ‚
1009 1780 1127 1844 toga'
1144 1784 1347 1830 tantum
1365 1793 1538 1844 aspera
1552 1786 1734 1844 peetus

362 1867 560 1924 tegente
584 1893 599 1916 ,
637 1855 693 1903 in
734 1853 906 1902 forum
937 1854 1163 1912 venisse,
1207 1856 1446 1918 quamvis
1469 1852 1736 1902 senatoriis

361 1932 690 1994 ornamentis!
704 1930 988 1996 insignem)
1009 1949 1024 1989 ;
1067 1929 1252 1999 deinde
1291 1935 1411 1979 vero
1439 1948 1468 1979 a
1503 1927 1739 1998 moribus

296 2027 299 2029 ·
360 2010 510 2059 etiam
535 2015 627 2054 aut
649 2002 852 2063 indole3
895 2002 1056 2051 veluti
1080 2001 1293 2050 Publius
1309 2000 1550 2065 Valerius,
1565 2003 1739 2052 Publi·

361 2081 497 2137 cola:
525 2098 748 2151 quorum
770 2082 1045 2128 nominum
1063 2079 1169 2129 duo
1189 2096 1217 2128 a
1235 2080 1475 2130 Romanis
1491 2120 1504 2143 ,
1526 2091 1586 2131 ut
1601 2082 1707 2131 dixi
1723 2112 1749 2144 ,-

362 2163 664 2228 Sabinisque
688 2160 884 2228 generis
916 2158 1313 2217 claritudinem«,
1343 2161 1552 2208 tertium
1578 2161 1739 2209 adfec-

367 2244 561 2291 tionem
584 2239 648 2286 ab
667 2255 837 2285 amore
866 2239 921 2284 in
941 2235 1196 2302 populum
1228 2234 1537 2285 ostendebat.
1563 2241 1633 2285 Ac
1653 2255 1741 2287 ne-

297 2317 313 2326 *
369 2335 499 2369 cesse
515 2355 529 2378 ‚
564 2316 775 2382 opinor,
805 2315 902 2362 erit
918 2350 931 2373 ,
966 2331 994 2362 e
1016 2313 1176 2364 multa
1195 2311 1287 2360 hac
1311 2312 1561 2380 farragine
1579 2332 1741 2381 pauca

369 2396 599 2466 quaedam
626 2391 1034 2442 commemorare.
1060 2392 1236 2457 Neque
1270 2392 1408 2439 enim
1433 2394 1596 2440 otium
1619 2410 1739 2459 ago,

369 2475 459 2529 tali
478 2472 860 2538 investigatione
879 2470 1020 2537 quod
1035 2469 1241 2536 perdam
1253 2506 1266 2529 ‚
1284 2464 1396 2536 quae
1413 2487 1506 2536 per
1520 2486 1571 2518 se
1585 2470 1741 2519 solam

374 2553 606 2603 maximis
624 2534 978 2602 voluminibus
1002 2548 1278 2618 implendis
1300 2547 1536 2599 sufficiat.

443 2631 522 2679 23„
550 2630 822 2679 Proculum
838 2631 995 2695 igitur
1008 2645 1214 2694 peregre
1230 2626 1456 2693 pgofecto
1471 2664 1486 2688 ‚
1515 2638 1564 2676 et
1580 2632 1745 2676 Postu-

382 2722 526 2754 mum
561 2719 763 2756 mortuo
795 2709 927 2774 patri
960 2717 1138 2755 natum
1169 2705 1449 2766 vocabant,
1492 2716 1542 2754 et
1570 2705 1743 2769 Vopis-

383 2798 532 2840 cum,
557 2785 681 2848 qui,
712 2787 945 2849 geminus
975 2795 1263 2849 susceptus,
1297 2786 1519 2831 extincto
1555 2782 1709 2829 altero
1731 2813 1744 2836 ,

385 2869 436 2910 et
458 2862 722 2920 Caesarem,
751 2863 844 2930 qui
876 2863 1033 2912 incisa
1066 2870 1278 2912 mortuae
1310 2861 1484 2908 matris
1516 2860 1628 2908 alvo
1647 2872 1748 2908 ser-

1435 2935 1466 2982 6
1490 2945 1511 2967 2
