2748 3834
592 468 969 503 nmrunmcu
1001 466 1270 499 nonnus
1305 466 1414 501 ιη,
1447 468 1479 500 1.
1661 449 1723 518 37

364 542 429 604 ad
465 541 619 605 tibias
646 544 988 613 pertinenteS,
1030 540 1198 588 aureis
1234 538 1408 588 fibulis
1445 539 1690 590 adstrictae
1714 575 1730 602 ‚

368 621 534 671 colore
580 619 925 686 xerampelino
956 652 971 676 ,
1028 616 1203 665 mediae
1238 634 1466 683 purpura
1509 618 1732 684 insignes

370 700 672 766 (laticlavias
689 716 768 747 eas
787 696 1059 756 vocabant3
1097 695 1387 756 chlamydes
1412 706 1581 745 autem
1605 706 1732 749 atru-

369 779 601 838 batticas,
633 794 663 827 a
687 776 879 833 colore3
903 773 1148 838 quoniam
1175 777 1220 822 τό
1254 776 1366 840 φαιόν
1400 773 1608 833 illorum
1636 789 1733 826 ser·

371 874 522 905 mone
542 866 710 904 atrum
728 853 917 902 dicitur
931 851 975 916 ):
1009 851 1298 916 paragaudae
1313 887 1327 912 ‚
1343 854 1535 901 tunicae
1554 854 1735 907 lancie-2

372 935 504 994 latae,
533 947 764 999 purpura
788 938 1032 995 proetextoe
1048 966 1061 988 ,
1099 939 1211 977 totoe
1230 929 1351 981 albae
1369 967 1382 990 ,
1418 933 1628 982 manicis
1653 950 1731 983 or·

372 1006 500 1059 natssae
528 1008 550 1073 (
561 1010 631 1056 sic
663 1005 738 1054 illi
759 1009 1005 1073 περιχερίδας
1032 1018 1226 1056 vocant.
1246 1007 1384 1057 Tales
1397 1025 1515 1058 vero
1534 1011 1733 1059 tunicas

370 1085 677 1155 paragaudas
699 1085 969 1152 adpellari,
1005 1086 1157 1152 vulgo
1183 1097 1364 1135 notum
1397 1098 1485 1136 est.
1516 1090 1735 1155 Antiqua

373 1175 542 1214 tamen
569 1165 740 1212 tunica
767 1163 1062 1229 paragaudis
1082 1201 1104 1224 „
1131 1168 1390 1214 Persarum
1415 1176 1464 1214 et
1482 1169 1736 1215 Sauroma-

371 1234 541 1305 tarum
559 1237 775 1309 'insignis
797 1247 944 1291 vestis
959 1279 972 1302 ‚
997 1252 1056 1290 ut
1078 1244 1420 1309 Diogenianus
1434 1281 1448 1305 ‚
1472 1243 1735 1293 vocabulo·

375 1340 490 1372 rum
529 1323 769 1389 scriptor,
806 1321 963 1386 dixit)
995 1341 1005 1369 ε
1041 1321 1198 1370 fasciae
1232 1323 1451 1373 crurales
1485 1324 1634 1385 albae,
1663 1333 1735 1371 to-

376 1413 487 1452 tum
515 1419 630 1451 crus
653 1392 927 1469 cum'pede
962 1412 1182 1469 tegentes
1219 1421 1230 1450 ε
1267 1413 1318 1452 et
1341 1403 1739 1453 calceamentum

377 1483 602 1547 nigrum,
617 1481 748 1528 solea
763 1492 998 1530 constans
1009 1518 1021 1541 ,
1037 1492 1269 1548 apertum
1281 1499 1504 1548 prorsus,
1520 1491 1741 1530 exstante

378 1575 529 1627 parva
558 1568 700 1624 parte
722 1558 907 1607 calcem
925 1595 947 1620 „
975 1569 1026 1608 et
1050 1561 1104 1608 in
1137 1562 1241 1609 imo
1264 1560 1448 1627 digitos
1468 1555 1741 1627 premens3

378 1636 501 1684 loris
526 1637 811 1702 utrinque..
827 1674 837 1684 .
854 1636 1140 1704 pedemque
1158 1637 1526 1700 vincientibus,
1553 1630 1614 1687 ut
1628 1653 1740 1704 per-

303 1780 306 1781 ⁷
379 1716 558 1779 exigua
587 1715 736 1763 calcei
756 1732 872 1782 pars
891 1752 904 1775 ,
946 1733 1063 1764 cum
1086 1717 1335 1784 adigitis,
1375 1728 1544 1776 tuma
1583 1715 1744 1782 calce,
1795 1774 1798 1776 ,

377 1791 667 1857 adpareret,
696 1802 832 1843 totus
854 1810 972 1844 vero
997 1810 1086 1860 pes
1107 1811 1226 1843 cum
1250 1793 1398 1843 fascia
1430 1794 1616 1853 crurali
1642 1811 1744 1843 cer·

379 1881 602 1922 neretur.
628 1859 938 1939 Campagum
964 1887 1086 1937 eum
1101 1871 1166 1920 ab
1185 1889 1282 1920 usu
1302 1874 1357 1921 in
1379 1890 1557 1940 campo
1580 1874 1747 1931 etiam-7

378 1959 739 2013 pumvoeants
756 1951 817 1995 In
838 1965 1018 2011 campo
1041 1952 1182 2010 enim
1210 1953 1605 2014 magistratuum·
1623 1952 1747 2000 elec·

296 2025 298 2028 “
378 2021 544 2081 ¹tiones
561 2021 776 2068 Romani
789 2021 1094 2087 peragebant
1107 2058 1120 2082 ,
1140 2022 1230 2070 ubi
1252 2023 1551 2088 hujusmodi
1564 2027 1752 2075 calceos

379 2097 636 2166 gerebant,
692 2102 841 2146 Hunc
890 2115 1190 2165 campagum
1235 2101 1557 2150 Thuscorum
1606 2112 1752 2152 antea

383 2173 537 2223 fuisse
550 2212 565 2235 ,
596 2175 666 2222 ait
682 2175 905 2240 Lepidus
922 2177 976 2222 in
996 2176 1127 2223 libro
1147 2177 1208 2224 de
1227 2179 1594 2228 sacerdotibus.-

461 2253 534 2299 18.
570 2251 845 2299 Prodibant
867 2263 1036 2301 autem
1063 2256 1290 2320 patricii,
1311 2253 1528 2320 pedibus
1545 2257 1754 2322 quidem

386 2348 658 2398 nunquam
677 2350 690 2391 ;
726 2342 776 2380 at
798 2350 966 2400 neque
985 2350 1120 2400 equo
1151 2329 1386 2400 (vulgare
1410 2337 1603 2402 quippe
1624 2337 1757 2385 vide·

385 2409 581 2474 batur),
604 2410 690 2459 sed
704 2428 861 2460 curru
875 2413 1064 2479 insigni
1075 2413 1187 2477 ,cuj
1194 2421 1253 2462 us
1268 2413 1366 2461 alta
1376 2414 1514 2462 sedes
1529 2416 1757 2475 instratat,

389 2497 613 2554 quatuor
636 2488 791 2538 mulis
809 2489 1129 2539 trahenti-bus
1147 2508 1357 2539 currum
1379 2509 1439 2539 ex
1462 2509 1555 2539 aere
1584 2494 1757 2540 Corin.-

393 2563 525 2624 thio,
551 2565 789 2630 plurimis
815 2566 992 2636 figuris
1017 2569 1426 2636 imaginibusque
1440 2570 1665 2634 antiquis
1682 2570 1757 2615 in·

398 2641 607 2705 sculptis
631 2652 884 2693 ornatum.
910 2647 1083 2714 Neque
1102 2648 1241 2694 enim
1260 2663 1424 2713 vequos
1448 2648 1624 2694 currui
1639 2646 1757 2711 jun·
1788 2685 1792 2688 .

452 2744 499 2792 4)
530 2742 634 2783 Οθᾶ*
651 2750 794 2802 ὄμπρος.

456 2805 502 2856 5)
529 2807 627 2861 Leg-
654 2813 995 2866 ἁναςρωννυμένοιςς
1025 2815 1201 2855 refertur
1236 2814 1345 2855 enim
1369 2813 1419 2853 ad
1445 2817 1635 2867 ὀχήμασιν.
