2748 3834
744 475 1109 509 nmrusucu
1142 474 1404 510 nonnus
1437 477 1542 512 ιη.
1577 481 1659 514 ιιι.
1785 465 1882 516 205

517 544 719 599 laudem
762 548 976 596 meritus
1016 551 1233 605 Ioannes
1274 549 1579 600 clarissimus
1594 588 1610 614 ,
1648 552 1887 620 gradibus

518 623 877 691 laboribusque
896 624 1210 691 judiciorum
1237 637 1531 698 nostrorum
1555 628 1799 697 impletis,
1820 630 1887 680 ad
1923 682 1930 687 ,

519 703 691 768 magni
726 704 1045 770 imperatoris
1083 706 1289 772 vestigia
1327 706 1622 773 properabit
1642 742 1657 767 ,
1698 723 1757 758 ac
1782 715 1888 759 mne
1922 755 1924 757 .

515 778 716 846 joribus
749 781 870 830 inde
903 782 1208 832 muneribus
1237 782 1544 851 perfruetur.
1589 786 1676 834 Est
1714 786 1855 835 enim
1871 822 1887 848 ,

519 866 699 924 praeter
725 857 847 907 alias
874 859 1210 922 excellentias,
1232 870 1282 910 et
1304 860 1565 910 literarum
1597 877 1773 911 amaus
1793 862 1887 925 ime

519 945 746 1002 perator,
769 939 966 1004 egregie
988 938 1042 986 id
1066 949 1241 988 nostro
1267 938 1524 1010 tribuente
1554 949 1802 1007 tempore,
1828 949 1889 991 ut

518 1014 741 1080 regentis
769 1016 1000 1078 majestas
1027 1019 1251 1064 ceterum
1285 1018 1438 1066 etiam
1472 1034 1626 1069 omne
1656 1017 1886 1068 officium

519 1089 584 1139 ad
606 1090 924 1157 splendidius
946 1093 1190 1160 quiddam
1214 1095 1404 1144 evehat.
1423 1111 1449 1141 s
1465 1099 1616 1145 Hunc
1639 1096 1887 1146 honorem

520 1186 617 1236 pro
640 1170 802 1220 multa
822 1174 1040 1238 pecunia
1056 1190 1085 1221 e
1096 1173 1292 1238 judicio
1314 1184 1513 1235 nactus,
1528 1173 1891 1224 comitantibus

521 1250 695 1298 omnia
716 1238 1023 1299 dulcissimis
1041 1250 1170 1299 mihi
1190 1253 1358 1314 sociis,
1376 1253 1432 1300 in
1451 1250 1619 1301 aulam
1640 1253 1890 1312 concessi,

521 1325 706 1375 militia
744 1325 956 1376 functus
990 1344 1153 1377 annos
1189 1331 1404 1379 omnino
1439 1327 1800 1395 quadraginta,
1840 1337 1895 1376 et

520 1414 714 1472 septem
738 1399 964 1466 mstises;
992 1416 1320 1474 acceptaque,
1351 1423 1464 1474 quoe
1490 1405 1557 1454 ab
1588 1406 1891 1472 imperatore

520 1485 857 1551 implentibus
882 1486 1044 1536 tribui
1066 1487 1216 1550 solet,
1231 1487 1503 1555 dignitate,
1523 1485 1593 1536 ad>
1602 1484 1759 1534 libros
1778 1501 1894 1534 run»

518 1579 605 1613 sus
632 1580 715 1614 me
741 1564 953 1633 contuli.
1572 1579 1588 1593 ⁶

520 1731 584 1764 mc
608 1731 892 1767 scaminus
926 1716 1222 1767 mozcnsmu
1243 1753 1257 1777 ,
1295 1733 1359 1765 nn
1387 1731 1626 1766 Annon!
1645 1729 1908 1790 ιιιιωϊᾼιιιθΙ

656 1810 868 1857 omnio,
896 1811 961 1861 ns
981 1811 1195 1857 mromA,
1223 1786 1379 1851 usone
1395 1798 1758 1844 ‘cacuminis

557 1952 559 1955 '
589 1945 671 2013 31.
705 1947 759 1995 Si
784 1947 903 2012 quis
923 1962 1018 2012 per
1040 1946 1331 1995 universam
1353 1946 1702 1993 Romanorum
1736 1941 1891 1990 histo·
1951 1998 1955 2001 .
2001 1962 2003 1965 ·

520 2024 650 2073 riam
662 2022 976 2090 pedetentim
993 2020 1195 2068 incedat
1210 2055 1224 2080 ‚
1239 2034 1511 2085 nunquam
1523 2030 1640 2068 ante
1647 2023 1894 2082 'Constan-

521 2105 620 2153 tini
666 2103 944 2168 imperium
979 2099 1364 2150 scriniariorum
1411 2113 1603 2146 nomen
1644 2099 1861 2162 reperiet
1881 2115 1892 2145 :

523 2184 765 2230 scrinium
778 2180 919 2227 enim
934 2188 985 2226 et
1003 2179 1171 2228 scriba
1180 2215 1201 2238 ,
1227 2187 1278 2225 et
1302 2176 1490 2224 horum
1510 2173 1745 2237 videlicet
1768 2174 1896 2222 deri-

520 2267 634 2308 vata
643 2257 860 2324 reperiet
867 2293 882 2316 ‚
893 2255 1276 2310 scriniariorum
1286 2268 1406 2303 vero
1416 2267 1606 2300 nomen
1619 2267 1892 2316 nusquam.

460 2373 463 2376 -
522 2338 690 2398 Quare
703 2351 818 2383 non.
830 2325 975 2382 novit
990 2348 1075 2381 eos
1095 2331 1247 2379 initio
1264 2329 1548 2397 respublica
1562 2365 1577 2388 ‚
1596 2345 1764 2394 neque
1777 2344 1894 2395 pars
1952 2340 1954 2343 ·

523 2423 647 2464 sunt
671 2413 898 2487 magistri
926 2401 1163 2478 equitum
1176 2446 1190 2471 ,
1212 2425 1381 2476 neque
1402 2425 1522 2456 vero
1541 2405 1894 2474 praefectorum

459 2522 465 2527 -
521 2491 757 2559 praetorio
769 2487 941 2539 officii.
956 2489 1141 2538 Privati
1149 2496 1320 2536 autem
1331 2522 1345 2548 ,
1359 2495 1568 2552 cogente
1581 2483 1870 2534 necessitate
1879 2519 1892 2543 ‚

523 2569 588 2618 ad
617 2566 985 2634 rempublicam
1014 2581 1289 2634 pervenere
1304 2601 1318 2626 ,
1351 2573 1504 2631 atque
1536 2572 1597 2611 ut
1627 2577 1891 2628 exponam.

523 2647 888 2697 Constantinus
905 2647 1105 2712 primus
1121 2682 1134 2705 ‚
1156 2646 1236 2694 uti
1260 2659 1413 2710 supra
1437 2639 1658 2702 dictum,
1691 2638 1893 2701 Scythia

523 2725 785 2789 Mysiaque
802 2733 852 2772 et
874 2741 1049 2773 earum
1069 2723 1276 2772 tributis
1300 2720 1494 2771 invituS
1521 2718 1889 2785 rempublicam

525 2807 804 2853 Romanam
836 2804 1053 2868 privavit
1070 2839 1084 2864 ‚
1124 2803 1292 2869 copias
1324 2802 1487 2868 ripam
1526 2797 1739 2862 borealis
1775 2795 1889 2842 Istri
