2748 3834
819 517 898 551 Dr:
931 515 1169 551 mamm
1203 516 1384 552 mrno.
1658 503 1790 566 xxiij

413 589 687 679 *quomodo
711 629 853 662 nunc
882 611 1052 677 Lydi,
1087 612 1160 662 sic
1199 629 1324 662 mox
1356 610 1630 676 Nonnosi‚
1662 612 1794 663 Iulii

425 701 658 754 Africani
686 740 700 766 ,
735 703 1039 767 Praxagorae
1068 738 1083 764 ‚
1123 700 1504 767 Cephalaeonis‚
1542 700 1797 768 Eunapii,'

427 792 625 842 Malchi
637 829 652 855 ,
667 790 884 841 Candidi
901 791 1095 854 Isauri,
1115 790 1480 858 olympiodori
1496 828 1512 855 ‚
1530 792 1764 858 Dexippi
1780 831 1794 856 ,

426 881 727 946 Phlegontis
744 880 995 931 Tralliani
1014 918 1029 944 ‚
1057 882 1340 949 Pamphilae
1357 919 1372 946 ,
1391 882 1619 933 Cononis
1636 919 1650 946 ,
1675 883 1800 932 Hel-

430 969 555 1020 ladii
591 969 815 1020 eruditas
846 971 1231 1037 uberrimasque
1267 972 1505 1023 historias
1540 972 1800 1038 insperato

433 1078 551 1112 casu
588 1061 643 1114 in
677 1061 845 1112 lucem
879 1061 1097 1128 proferri
1130 1063 1456 1115 videremus:
1485 1062 1715 1130 profecto
1750 1073 1801 1115 et

431 1167 613 1218 magna
632 1159 761 1202 esset
781 1153 1027 1203 nostra'in
1048 1153 1150 1225 illis
1174 1153 1399 1219 legendis
1419 1154 1680 1220 voluptas,
1703 1170 1802 1204 neo

431 1239 801 1292 desideraretur
819 1241 1101 1292 moderatio
1124 1243 1179 1292 in
1195 1242 1495 1307 judicandis.

499 1422 572 1471 X.
596 1421 788 1472 Leonis
801 1429 972 1472 autem
990 1421 1054 1472 de
1071 1421 1223 1489 Lydo
1239 1422 1381 1472 locus
1402 1429 1540 1472 extat
1563 1422 1620 1472 i'n
1636 1422 1805 1473 Tasti-

435 1511 506 1560 cis
525 1511 691 1575 illius,
719 1521 798 1562 ter
821 1514 1094 1579 impressis.
1115 1513 1292 1563 Primo
1312 1513 1468 1563 latine
1485 1519 1714 1575 tantum,
1739 1529 1809 1562 ex

436 1599 674 1649 versione
688 1600 844 1651 Checi
856 1638 870 1665 ,
884 1603 1113 1666 Basileae,
1133 1620 1154 1652 1
1165 1603 1286 1660 554,
1313 1618 1389 1652 12.
1406 1595 1558 1652 Ibi‘in
1575 1609 1807 1652 extremo

437 1688 640 1755 epilogo
655 1690 822 1755 operis
839 1728 854 1754 ,
890 1673 1071 1756 pagina
1090 1709 1194 1741 non
1220 1699 1390 1741 notata
1414 1690 1589 1757 (quod
1612 1692 1810 1757 paginis

437 1776 676 1830 editionis
695 1797 799 1830 suae
817 1780 988 1829 nullos
1007 1780 1451 1844 adjecitnumeros
1464 1780 1709 1844 Cheeus),
1732 1779 1811 1829 viv

364 1855 372 1868 s
438 1865 591 1917 detur
608 1867 731 1916 libri
761 1867 824 1915 de
847 1867 1075 1917 Ostentis
1099 1857 1295 1916 mentio
1326 1867 1456 1916 fieri.
1481 1848 1608 1918 Post
1633 1867 1810 1918 eadem

437 1954 644 2005 Taetioa
659 1970 819 2019 graece
838 1953 999 2004 edidit
1015 1954 1047 2002 J
1049 1971 1240 2004 oannes
1256 1936 1545 2019 Meursius‚
1566 1955 1813 2022 Lugduni

1927 1417 1964 1444 Χ.

1892 1478 2002 1508 Leonis

1873 1527 2026 1566 Sapientis

1841 1579 2065 1610 testimonium

1871 1629 1909 1658 de
1921 1629 2016 1666 Lydo.

436 2045 614 2099 Batav..
645 2044 772 2097 1612
792 2083 806 2110 ‚
835 2045 881 2097 4.
906 2044 1143 2111 adjuncta
1165 2044 1324 2095 Checi
1353 2043 1512 2095 latina
1538 2046 1812 2112 version-ez
1852 2032 1854 2034 ’

436 2135 514 2185 ibi
530 2142 701 2187 tamen
724 2148 915 2187 nomen
937 2136 1238 2202 mentioque
1260 2135 1402 2202 Lydi
1424 2135 1575 2202 plane
1597 2154 1625 2185 e
1650 2152 1812 2202 graeco

439 2224 645 2280 excidit.
672 2227 942 2278 Postremo
961 2226 1136 2279 eadem
1157 2226 1392 2292 vulgavit
1417 2227 1450 2275 J
1451 2243 1641 2276 oannes
1663 2225 1814 2277 Lami

439 2322 587 2365 sexto
605 2314 739 2381 opp.
760 2316 1176 2368 Meursianorum
1194 2315 1489 2379 volumine,
1513 2314 1812 2378 Florentiae,

442 2404 572 2469 1745
592 2441 604 2464 ,
649 2403 737 2454 fol.
764 2423 832 2456 ex
854 2406 1199 2456 Laurentiano
1219 2405 1553 2456 Bibliothecae
1568 2404 1814 2455 Mediceae

442 2491 573 2556 eod«,
588 2493 767 2543 multis
785 2493 995 2559 quidem
1010 2494 1139 2544 locis
1154 2493 1439 2558 emendata,
1454 2494 1627 2544 minus
1644 2500 1814 2543 tamen

438 2581 495 2631 in
521 2589 732 2633 nostro:
756 2583 800 2632 is
832 2583 938 2646 ibi,
977 2584 1072 2634 col.
1095 2601 1220 2651 917,
1254 2583 1328 2633 sic
1357 2600 1410 2632 se
1442 2581 1596 2632 habet
1625 2600 1636 2629 :
1666 2587 1748 2633 Τὴν
1772 2582 1813 2627 δὲ

439 2673 681 2734 ἀςρονομίαν
701 2675 736 2720 οἱ
762 2675 849 2738 περὶ
871 2678 921 2721 τοὶ
940 2678 1118 2739 μετέωρα
1137 2677 1400 2737 σχολάζονται
1422 2671 1479 2734 (f.
1499 2674 1811 2735 σχολάζοντες),

443 2763 562 2822 σοφίᾳ
581 2779 622 2808 te
648 2763 712 2808 καὶ
729 2765 901 2828 &ung-5937
924 2773 993 2817 τῆς
1013 2772 1090 2812 τῶν
1109 2769 1267 2830 ἀςέρων
1297 2766 1546 2829 ψηφοφορίαις
1566 2763 1812 2825 ’διαφέρονται

446 2844 511 2911 (f.
534 2849 814 2916 ὀἳθῑῑΙηίῐΜὶΨῑες)
835 2889 847 2912 ,
874 2858 974 2919 ,περί
989 2874 1030 2904 τε
1053 2859 1120 2904 τὸν
1146 2858 1396 2917 Πτολεμαίου
1428 2858 1571 2901 κανόνα
1585 2888 1600 2909 ,
1618 2867 1621 2869 ’
1637 2852 1701 2895 καὶ
1726 2850 1812 2912 περὶ
