2748 3834
993 483 1080 532 132
1283 500 1415 530 Lym
1456 499 1526 527 DE
1565 496 2042 531 MAGISTRATIBUS

984 574 1183 638 κρηδέμνῳ
1196 604 1213 627 ,
1241 575 1310 623 τὴν
1338 568 1505 628 κεφαλὴν
1539 563 1781 628 περιὸεσμῶν
1795 602 1809 623 ,
1839 568 1904 613 καὶ
1931 571 2000 622 τὰς
2030 573 2167 634 τρίχας
2200 576 2348 624 ἐνειλῶν

981 660 1027 712 τῇ
1052 631 1249 707 καλύπτρῃ
1259 679 1274 700 ,
1299 645 1351 694 ὡς
1375 644 1587 703 Πομπηΐου
1611 648 1826 706 παράσιτος
1850 649 1951 692 κατὰ
1975 649 2043 694 τὸν
2072 651 2349 716 Πλούταρχον,

977 731 1002 776 ἢ
1030 722 1201 775 τάληθὲς
1232 723 1371 779 εἰπεῖν,
1395 722 1448 772 ὡς
1471 724 1506 766 οἱ
1533 717 1569 763 ²)
1593 729 1661 773 τῆς
1694 731 1840 776 σκηνῆς·
1855 729 2066 787 ἄρχοντες,
2093 727 2347 786 ὃιεὸαςοίζετο

977 803 1039 851 ἐπὶ
1064 803 1135 851 τὰς
1159 800 1282 851 αὐλάς
1293 835 1307 858 ,
1333 800 1383 852 ἃς
1405 800 1524 853 αὐτὸς
1554 803 1835 847 κατεσκεύασεν
1859 802 2000 866 ἑαυτῷ·
2025 802 2143 851 ὦνεῖ
2155 825 2212 859 τις
2235 810 2365 856 θέλοι·

976 886 1041 933 τὴν
1070 880 1263 935 ἀσωτίαν,
1289 878 1354 922 καὶ
1374 880 1443 927 τὴν
1473 883 1792 946 τῶιωιτισμοίτων
1819 880 1992 933 διεξιέναι
2013 889 2070 944 τῷ
2102 886 2208 948 λόγῳ
2237 888 2362 948 λαμ--

974 962 1168 1024 πρότητα,
1197 958 1425 1019 Σεσώς-ριος
1448 951 1490 996 2)
1514 957 1614 1015 ὁμοῦ
1636 957 1701 1002 καὶ
1725 948 1904 1018 Ᾱμοὶσιος
1927 954 1991 1017 5),
2016 962 2080 1005 καὶ
2107 969 2184 1009 τῶν
2203 959 2245 1005 4)
2265 966 2362 1011 ἅλ-,

973 1037 1052 1084 λων
1087 1035 1315 1096 μαυσώλειοί
1342 1051 1383 1080 τε
1416 1034 1480 1078 καὶ
1512 1034 1757 1098 πυραμίδας,
1792 1037 1857 1081 καὶ
1879 1037 2002 1083 τᾶλλα
2015 1072 2030 1095 ,
2065 1042 2167 1084 ὅσων
2202 1044 2238 1085 οἱ
2273 1044 2359 1094 τοὶςγ

973 1113 1240 1176 Αἰγυπτιακὰς
1269 1113 1565 1175 ἀναγράψαντες
1592 1112 1851 1177 ὑπερηφανίαις
1872 1117 2178 1177 μνημονεύουσι,
2203 1122 2342 1183 μέτρια

973 1194 1036 1238 καὶ
1078 1193 1334 1255 φιλοσοφοξσι
1370 1193 1569 1254 πρέποντα
1611 1193 1892 1254 καταυλήματα
1933 1197 2055 1258 λέγων
2078 1197 2138 1246 ,οὐ
2183 1199 2342 1261 σφαλή-

973 1289 1092 1318 σεται.

1040 1365 1118 1397 22.
1154 1340 1384 1397 Ῡπόλοιπόν
1413 1350 1500 1409 ἐςι,
1529 1354 1630 1399 κατὰ
1655 1354 1699 1400 τό
1733 1356 1900 1418 πρόσθεν
1927 1354 2230 1417 ἐπηγγελμένον,
2251 1358 2338 1420 περὶ

969 1436 1035 1480 τῆς
1062 1427 1207 1482 τάξεως
1245 1432 1383 1487 εἰπεῖν,
1409 1435 1504 1478 ποία
1537 1435 1591 1488 τέ,
1609 1451 1669 1485 ,τις
1695 1432 1740 1483 ἧν
1775 1434 1870 1480 ποτὲ
1898 1436 2008 1497 παρὰ
2028 1441 2095 1495 ,τῷ
2129 1436 2337 1498 ἱππάρχῳ,

968 1507 1031 1552 καὶ
1053 1509 1148 1554 ποία
1169 1510 1302 1569 γέγονε
1323 1508 1407 1570 μετ’
1428 1510 1568 1555 ἐκεῖνον
1591 1511 1668 1557 ὑπὸ
1695 1517 1751 1572 τῷ
1772 1518 1848 1558 τῶν
1876 1513 2119 1574 πραιτωρίων
2141 1513 2310 1576 ὑπάρχῳ
2323 1531 2360 1570 ,⁶

967 1587 1059 1648 περί
1076 1604 1117 1632 τε
1145 1591 1222 1631 τῶν
1251 1586 1289 1630 ἐν
1314 1587 1413 1649 αὐτῇ
1442 1588 1693 1649 καταλόγων,
1719 1595 1990 1653 προσηγοριῶν
2012 1607 2053 1635 τε
2073 1590 2137 1635 καὶ
2157 1591 2347 1655 λειίὀυρ--Ἴ

968 1669 1081 1724 γιῶν,
1107 1666 1200 1728 περί
1215 1682 1256 1710 τε
1278 1663 1386 1710 ἐθῶν
1419 1667 1484 1711 καὶ
1510 1667 1741 1727 συμέόλων,
1768 1668 1832 1713 καὶ
1854 1673 1931 1714 τῶν
1960 1669 2000 1713 ἐν
2027 1671 2109 1720 τοῖς
2132 1686 2339 1716 συνταττο-

966 1745 1092 1801 μένοις
1122 1749 1284 1807 χοέρταις
1319 1746 1506 1809 ῥημάτων
1536 1740 1602 1806 5),
1628 1747 1691 1792 καὶ
1721 1748 1877 1805 ἁπλῶς,
1904 1752 1980 1794 ὅσα
2007 1751 2117 1809 ἡμῶν
2147 1754 2240 1812 ἄχρι
2267 1767 2334 1803 τη·

962 1823 1157 1882 ρούμενα,
1196 1831 1265 1874 τῆς
1305 1827 1429 1886 ἀρχῆς
1464 1826 1774 1893 ἐλαττωθείσης,
1815 1828 1880 1872 καὶ
1917 1835 1984 1878 τῆς
2023 1827 2333 1892 ὑπηρετουμένης

961 1899 1059 1960 αὑτῇ
1090 1899 1236 1952 τάξεως
1272 1904 1575 1961 συμπεσούσης,
1611 1905 1917 1966 παραπόλωλεν,
1952 1909 2058 1956 ὅπως
2086 1909 2140 1966 μὴ
2171 1908 2253 1957 τοῖς
2287 1901 2330 1947 ⁶)

961 1978 1082 2035 ἴχνεσι
1112 1986 1180 2026 τῆς
1214 1981 1471 2038 ἀρχαιότητος
1507 1981 1570 2022 καὶ
1604 1981 1701 2027 αὐτὴ
1738 1985 1762 2027 ἡ
1797 1987 1873 2024 τῶν
1907 1984 2055 2041 ἀρετῶν
2090 1988 2219 2041 μνήμη
2226 2017 2247 2041 ³.
2275 1986 2330 2042 μὴ

957 2057 1053 2113 γοῦν
1089 2057 1316 2116 γράμμασιν
1350 2057 1639 2118 ἀναφερομένη,
1673 2058 1839 2105 παντελῆ
1876 2058 1979 2118 λοίχῃ
2016 2060 2084 2107 τὴν
2118 2062 2326 2123 ἀναίρεσιν·

956 2132 1052 2180 τέως
1085 2129 1126 2174 δὲ
1148 2131 1233 2192 περὶ
1261 2137 1337 2176 τῶν
1367 2131 1591 2179 ὑπολοίπων
1624 2140 1693 2184 τῆς
1724 2135 1916 2186 πολιτείας
1941 2138 2090 2198 ἀρχῶν·
2115 2138 2178 2181 καὶ
2207 2140 2251 2186 τὸ
2277 2138 2325 2188 δὴ

955 2209 1075 2269 πέρας
1108 2207 1203 2251 ἴδιόν
1233 2211 1431 2277 τινα-περὶ
1455 2218 1522 2260 τῆς
1546 2209 1691 2262 τάξεως
1718 2211 1834 2272 λόγον
1855 2213 2093 2273 ἐκθήσομαι·
2125 2214 2216 2261 οὐδὲ
2246 2218 2323 2279 γὰρ

954 2287 1140 2354 εὐπρεπὲς
1166 2291 1248 2340 ταῖς
1280 2291 1420 2353 ἀρχαῖς
1456 2295 1526 2338 τοῦ
1556 2293 1777 2354 ἀρχομένου
1815 2296 2082 2357 συναριθμεῖν.

1011 2427 1054 2474 1)
1077 2424 1180 2476 cod.
1208 2427 1240 2465 ὃ.

1008 2490 1055 2537 2)
1083 2487 1181 2526 cod.
1212 2492 1396 2540 σεσώς-ριν.

1007 2552 1055 2600 5)
1083 2550 1181 2591 Cod.
1207 2555 1378 2605 ἄσμασιν.

1007 2615 1056 2664 4)
1083 2615 1181 2655 Cod.
1213 2623 1286 2661 τοῖς
1305 2617 1435 2663 ἄλλοις.

1005 2679 1050 2729 5)
1078 2681 1188 2734 Lego
1207 2687 1413 2736 σχημάτων.
1433 2682 1552 2727 conf.
1569 2685 1749 2729 Iudicem
1764 2716 1778 2738 ,
1813 2701 1900 2743 pag.
1920 2688 1969 2740 8,
1999 2683 2042 2737 ζ’.

1002 2743 1051 2795 6)
1079 2746 1189 2803 Lego
1209 2751 1272 2789 σὺν
1295 2756 1382 2796 τοῖς.
