2748 3834
960 538 1321 573 FRAGMENTA.
1726 546 1817 595 291

462 609 626 659 batur.
643 613 842 661 Aurum
858 628 978 662 vero
993 605 1270 679 quotannis
1289 613 1498 680 captivis
1518 613 1826 667 redimendis

463 690 660 739 occulte
671 690 980 752 effundebat,
989 691 1285 754 lacrymans,
1295 709 1412 740 cum
1427 691 1554 742 forte
1568 692 1752 759 aliquis
1765 694 1830 744 de

470 766 694 817 hostium
721 771 1012 819 incursione
1042 771 1352 836 captivisque
1385 770 1615 820 abductis
1642 772 1690 819 ei
1716 787 1833 821 nar-

469 857 614 895 raret.
643 851 705 896 Et
732 849 992 897 veritatem
1025 858 1199 897 testem
1230 851 1461 897 invocare
1491 867 1596 899 non
1625 867 1802 900 vereor
1818 888 1832 912 ,

471 941 588 973 vera
625 925 797 974 dicens
821 945 831 974 :
861 928 963 975 scio
979 963 989 974 .
1009 962 1021 973 .
1041 964 1051 974 .
1090 943 1171 975 me
1203 936 1403 975 tantum
1430 929 1542 976 auri
1561 964 1574 988 ,
1614 929 1724 994 ipso
1749 928 1833 977 ab·.

473 1011 614 1049 sente
634 1038 648 1062 ,
681 1019 777 1067 pro
809 1003 1223 1052 redimendorum
1254 1006 1567 1070 captivorum
1602 1005 1834 1054 multitu-

477 1078 597 1128 dine
616 1082 862 1146 accepisse
877 1081 1151 1142 (hacenim
1165 1083 1414 1148 vigente...
1429 1090 1614 1132 vestem
1629 1101 1838 1150 quoque

479 1158 868 1222 vendidisset)...
888 1159 976 1208 Ille
992 1169 1162 1209 autem
1182 1162 1624 1228 supervenientem
1645 1171 1695 1209 et
1713 1161 1839 1210 facta

483 1240 744 1285 testantem
776 1237 1062 1287 obsecrabat
1082 1274 1097 1299 ,
1140 1249 1199 1286 ut
1235 1245 1499 1305 propterea
1528 1240 1709 1304 gratias
1745 1239 1840 1288 deo
1902 1275 1906 1279 ·

480 1304 686 1378 ageret,v
707 1314 849 1381 quod
880 1333 1088 1381 corpore
1127 1318 1228 1382 piis
1262 1316 1501 1382 operibus
1532 1318 1811 1366 moriturus
1828 1353 1842 1376 ,

483 1392 785 1441 immortalis
810 1410 903 1460 per
922 1393 1017 1442 filii
1039 1393 1163 1443 facta
1183 1406 1421 1444 maneret.

556 1469 635 1534 76.
672 1474 832 1520 Tanto
861 1473 972 1520 viro
998 1472 1139 1521 laetus
1174 1475 1448 1540 imperator
1475 1471 1639 1521 multo
1674 1472 1845 1521 labore

488 1548 756 1613 persuadet
773 1587 787 1610 ‚
810 1568 1136 1601 communem
1157 1552 1398 1601 omnibus
1420 1554 1747 1602 suam0animi
1763 1551 1848 1599 bo·

486 1626 697 1676 nitatem
733 1630 996 1679 ostendere
1022 1666 1036 1690 ,
1074 1640 1124 1679 et
1158 1648 1329 1679 rerum
1369 1630 1692 1701 publicarum
1727 1645 1850 1682 cura

489 1715 747 1772 suscepta,
775 1709 960 1769 totius,
991 1707 1136 1757 malis
1154 1709 1258 1773 jam
1292 1709 1616 1775 depereuntis
1649 1708 1851 1773 imperii

490 1782 690 1834 clavum
720 1802 904 1853 regere.
938 1787 1026 1836 Ille
1052 1798 1221 1837 autem
1248 1787 1439 1836 invitus
1470 1788 1695 1854 (etenim
1723 1786 1852 1852 peri-

492 1861 724 1912 culosum
751 1875 858 1914 erat
874 1902 888 1926 ‚
920 1865 1069 1914 talem
1109 1867 1463 1933 imperatorem
1488 1874 1753 1932 petentem
1779 1862 1854 1910 re-

486 1931 677 2007 jicere)
710 1960 904 1993 munus
927 1943 1086 1993 subiit
1110 1963 1121 1991 z
1148 1946 1334 1993 timens
1360 1955 1529 1994 tamen
1545 1979 1558 2004 ‚
1588 1953 1640 1991 et
1665 1941 1856 2007 magni-

495 2019 677 2068 tudine
699 2026 955 2069 t'errorum
981 2023 1128 2087 quasi
1147 2023 1401 2087 vertigine·
1423 2027 1710 2088 correptus,
1730 2016 1862 2081 vidit

493 2092 647 2145 de‘um
702 2100 999 2161 praesentem
1042 2115 1094 2145 se
1151 2099 1389 2161 adjuvare
1429 2106 1678 2161 paratum.
1735 2095 1862 2141 Nam

499 2169 655 2221 simul
684 2180 839 2236 atque
854 2192 871 2232 ,'
900 2184 1131 2239 suscepto
1162 2175 1456 2237 magistratu
1474 2210 1488 2232 ‚
1524 2181 1661 2219 extra
1694 2169 1861 2217 aulam

500 2263 658 2295 curru
676 2246 868 2298 vehens
878 2249 1114 2315 adparuit
1124 2287 1137 2310 ‚
1156 2251 1424 2303 universus
1440 2247 1664 2314 populus
1678 2246 1864 2294 omnis·

501 2342 605 2392 que
641 2335 756 2375 aetas
791 2342 849 2374 ac
883 2342 1029 2376 sexus
1046 2363 1061 2387 ,
1093 2343 1200 2375 una
1228 2326 1443 2375 extensis
1468 2326 1523 2372 in
1553 2323 1738 2372 coelum
1766 2338 1866 2371 ma·

503 2402 659 2452 nibus
670 2439 684 2463 ,
705 2403 927 2465 hymnos
942 2405 997 2453 in
1017 2402 1291 2470 gratiarum
1306 2404 1557 2452 actionem
1579 2413 1696 2450 cum
1713 2400 1870 2460 lacry-

505 2480 604 2531 mis
619 2480 716 2529 deo
743 2491 1003 2531 cantavere
1023 2518 1037 2542 ‚
1080 2492 1219 2534 tanta
1241 2482 1560 2547 providentia
1587 2479 1872 2527 innumeris

507 2558 652 2606 malis
665 2568 940 2624 prostratos
955 2559 1176 2626 dignato.
1193 2558 1491 2607 Persuadere
1514 2567 1682 2606 autem
1708 2556 1872 2603 homi-

509 2634 665 2683 nibus
686 2635 925 2702 dignatus
947 2637 1072 2686 deus
1087 2675 1118 2698 ,Α
1137 2636 1356 2685 ostendit
1384 2652 1486 2687 sese
1507 2635 1672 2686 adesse
1697 2631 1844 2683 rebus
1858 2667 1870 2690 ,

564 2745 618 2801 4)
642 2750 1006 2803 καὶ-ι’νασχολεῖσθαι
1024 2750 1070 2790 ἰ11
1086 2749 1272 2791 versione
1289 2740 1420 2792 omisi.

568 2812 622 2866 5)
647 2812 747 2853 Cod.
767 2817 860 2854 οὶκα.
916 2813 970 2869 6)
996 2814 1096 2857 cod.
1121 2817 1254 2860 ...ιὼς.

570 2878 620 2929 7)
646 2876 758 2932 Lego
772 2878 903 2930 φόβων.

1543 2949 1657 3013 37²
