2748 3834
935 423 1008 488 xij
1355 421 1863 477 coMMENrARius

933 538 985 582 τὰ
1011 536 1097 600 περὶ
1117 542 1245 597 μηνῶν
1283 541 1446 584 τεθέντα
1479 554 1587 600 pag.
1631 537 1694 585 24
1727 537 1818 585 lin.
1855 551 1936 586 21.
1960 538 2004 584 τὸ
2040 537 2125 602 περὶ
2145 545 2277 600 μηνῶν

931 616 1041 687 pag.
1057 624 1149 673 128
1165 624 1252 672 lin.
1271 640 1315 672 2.
1333 625 1489 674 Hunc
1505 624 1740 674 distinxit
1755 629 2023 690 (quantum
2033 643 2100 676 ex
2117 627 2279 692 epito-

929 712 1026 761 mis
1056 711 1340 774 judicamus
1365 752 1378 778 ,
1418 731 1532 778 quae
1573 715 1692 764 solae
1715 719 2017 779 supersunt)
2059 724 2278 780 quatuor

928 798 1079 847 tomis
1098 837 1113 862 ,
1145 799 1200 848 id
1222 808 1321 863 est,
1354 802 1622 866 segmentis
1654 820 1664 849 :
1694 803 1972 867 inscripsit,
2016 811 2074 851 ut
2097 804 2279 854 Suidas

926 892 1103 934 auctor
1123 893 1197 935 est
1213 886 1331 936 edit.
1354 888 1557 940 Kuster.
1579 890 1728 939 Tom.
1753 890 1809 955 II
1830 927 1844 952 ,
1885 906 1994 955 pag.
2033 891 2151 954 151,
2183 891 2278 956 Ga·
2309 884 2312 887 ⁵

926 974 1075 1024 brieli
1103 977 1161 1024 P.
1184 978 1244 1026 P.
1266 977 1385 1029 vide
1411 997 1563 1045 supra
1581 997 1690 1045 pag.
1714 982 1784 1044 vj.
1805 981 1921 1029 Hoc
1945 981 2000 1029 in
2018 980 2175 1045 libro,
2193 980 2275 1031 de·

927 1082 1075 1116 curso
1095 1068 1250 1118 totius
1265 1071 1385 1119 anni
1402 1071 1585 1135 spatio,
1602 1070 1753 1120 festos
1773 1073 2125 1136 pop-Romani
2141 1072 2246 1123 dies
2259 1110 2274 1137 ,

924 1173 1028 1220 quo
1057 1158 1271 1223 quisque
1305 1159 1456 1209 modo
1492 1143 1714 1224 quamve
1753 1161 1818 1209 ob
1842 1177 2040 1211 causam
2064 1163 2276 1227 agitatus

924 1253 1089 1309 esset,
1137 1248 1199 1296 ab
1232 1248 1380 1298 initio
1423 1266 1595 1299 rerum
1634 1251 1985 1300 Romanarum
2021 1267 2182 1315 usque
2209 1250 2274 1300 ad

922 1334 954 1381 J
959 1335 1269 1386 ustinianum
1339 1338 1632 1404 Augustum
1699 1339 1967 1404 diligenter
2026 1357 2264 1404 persecu-

921 1429 1004 1470 tus
1057 1431 1130 1472 est
1153 1463 1167 1487 ,
1210 1426 1366 1490 idque
1417 1445 1484 1476 ex
1536 1426 1734 1476 idoneis
1786 1428 2108 1491 auctoribUS,
2152 1446 2270 1479 cum

918 1508 1111 1558 Graecis
1143 1515 1410 1575 permultis
1429 1552 1443 1577 ,
1479 1523 1592 1564 tum
1620 1515 1817 1563 Latinis
1851 1533 1861 1562 ε
1893 1515 2063 1562 Gavio
2087 1515 2269 1578 Basso,

918 1594 1132 1660 Fontejo
1156 1636 1170 1661 ,
1209 1599 1458 1664 Aquilino
1478 1640 1493 1666 ,
1521 1603 1700 1652 Cincio
1719 1640 1734 1666 ,
1757 1603 1833 1650 Μ.
1862 1602 2093 1650 Varrone
2118 1638 2130 1662 ,
2160 1603 2269 1651 Ma-

915 1682 1060 1732 ximo
1089 1721 1103 1746 ,
1151 1686 1398 1750 Visellio,
1431 1690 1650 1752 Apulejo
1680 1725 1694 1751 ‚
1742 1691 1817 1737 M.
1840 1690 2057 1738 Messala
2077 1727 2091 1754 ,
2117 1691 2270 1742 Corn.

912 1769 1149 1821 Labeone
1170 1810 1183 1836 ,
1206 1775 1420 1838 Seneca,
1444 1777 1668 1824 Valente
1685 1813 1699 1837 ,
1741 1778 1999 1826 Mummio
2016 1814 2029 1839 ,
2056 1779 2269 1844 aliisque

917 1876 1058 1907 nunc
1085 1861 1172 1910 vel
1201 1863 1413 1911 omnino
1443 1863 1533 1912 vel
1559 1880 1740 1928 magna
1778 1881 1846 1911 ex
1879 1872 2020 1928 parte
2038 1866 2265 1929 perditis.

918 1947 1087 2008 Quem
1127 1950 1171 1997 si
1210 1951 1532 2014 superstitem
1581 1967 1686 1998 esse
1733 1949 1939 1999 fortuna
1979 1952 2263 2021 voluisset,

913 2053 1020 2086 non
1055 2037 1227 2086 minus
1261 2039 1592 2102 probaremus
1624 2038 1810 2103 opinor
1846 2038 1902 2087 in
1932 2056 1992 2087 eo
2033 2041 2229 2107 copiam
2247 2080 2264 2108 ,

914 2132 965 2174 et
990 2125 1159 2174 literas
1178 2164 1193 2189 ,
1222 2133 1271 2175 et
1300 2127 1563 2178 scientiam
1586 2144 1759 2176 rerum
1794 2135 2028 2178 veterum
2047 2166 2061 2192 ,
2111 2148 2266 2196 quam

912 2213 969 2263 in
989 2213 1151 2262 Fastis
1169 2213 1228 2262 P.
1250 2214 1454 2275 ovidii,
1485 2216 1577 2281 qui
1597 2222 1951 2281 argumentum
1976 2217 2074 2266 sibi
2097 2202 2263 2270 simne

911 2301 1123 2361 sumsit,
1157 2303 1453 2354 varietatem
1471 2342 1485 2369 ,
1517 2313 1568 2353 et
1587 2322 1802 2354 acumen
1827 2342 1840 2369 ,
1882 2313 1932 2355 et
1956 2307 2259 2361 suavitatem

909 2388 1115 2454 ingenii.
1141 2389 1240 2440 Sed
1270 2391 1358 2441 ille
1376 2391 1585 2458 quidem
1608 2394 1739 2444 liber
1763 2401 1901 2443 totus
1922 2395 2117 2444 interiit
2131 2434 2148 2456 ,
2171 2415 2257 2448 ex-

909 2484 987 2526 tra
1019 2476 1122 2527 duo
1155 2479 1211 2528 in
1241 2479 1426 2530 Codice
1457 2482 1722 2550 Caseolino
1748 2491 1946 2533 servata
1976 2483 2124 2549 folia,
2149 2488 2258 2552 epi-

906 2574 1168 2633 tomasque
1214 2579 1453 2635 praeterea
1498 2573 1621 2621 item
1653 2570 1777 2621 duas
1818 2573 1877 2622 in
1922 2572 2254 2626 Bibliothecis

905 2656 1091 2719 passim
1110 2664 1339 2709 extantes
1357 2698 1371 2724 ,
1395 2661 1683 2727 Lipsiaeque
1706 2679 1750 2710 a.
1777 2661 1921 2728 1794.
1963 2662 2010 2710 8.
2032 2680 2099 2712 ex
2130 2681 2254 2730 apo·
2312 2667 2314 2670 ’

903 2742 1095 2810 grapho
1127 2745 1332 2800 Nicolai
1363 2748 1556 2803 Schow
1573 2788 1588 2818 ,
1626 2750 1925 2817 amplissimi
1945 2752 2048 2803 viri
2064 2789 2082 2819 ,
2106 2760 2257 2820 atque
