2748 3834
755 587 884 613 Jonnnes

704 2089 928 2144 sanufnutser-
945 2071 1128 2135 Neque
1150 2069 1240 2118 diu
1265 2075 1376 2132 post
1393 2066 1714 2130 Rutgersius‚
1742 2066 1834 2114 etsi
1848 2074 1952 2114 erat
1972 2068 2190 2131 publicis
2206 2087 2292 2118 ne-
2336 2127 2342 2133 ,

774 2145 835 2166 nm
838 2157 844 2164 .

954 478 971 524 l
1379 487 1867 522 cOMMEN'rAmus

954 584 1056 631 fere
1085 582 1143 629 ad
1176 581 1368 641 singula
1401 577 1601 638 singuli.
1637 577 1840 623 Primus
1870 577 2090 624 Joannes
2120 579 2291 624 Meur-

953 672 1077 726 sius,
1099 676 1152 714 ut
1170 673 1271 713 erat
1292 661 1662 711 reconditarum
1682 648 1939 708 literarum
1956 670 2161 722 amator,
2179 671 2293 709 ante

949 772 988 803 a.
1033 753 1155 802 1612
1197 750 1543 812 Heidelbergae
1581 766 1647 797 ex
1687 749 1811 796 Cod.
1842 750 2072 798 Palatino
2105 764 2291 797 cccxii.

948 842 1212 906 descripsit
1232 839 1427 904 Nigidii
1459 838 1632 901 Figuli
1660 838 2032 906 ephemeridem
2059 876 2072 899 ‚
2107 838 2168 886 de
2193 855 2293 902 qua

949 931 1180 996 superius
1217 929 1340 977 dixi.
1378 928 1581 975 Verum
1619 943 1734 975 cum
1774 927 1883 975 aliis
1923 928 2072 975 rebus
2107 928 2289 975 abstra-

947 1020 1177 1080 heretur,
1212 1015 1481 1065 consilium
1513 1015 1618 1078 ejus
1653 1013 1855 1063 edendae
1891 1015 2096 1077 abjecit,
2135 1015 2292 1078 inque

946 1108 1081 1155 notis
1114 1104 1174 1153 ad
1207 1103 1393 1152 Leonis
1425 1102 1629 1151 Tactica
1651 1102 2018 1168 Lugd-Batav.
2056 1103 2200 1152 1612.
2242 1105 2289 1153 4.
2356 1121 2362 1126 ⁸

946 1211 1053 1259 pag.
1091 1194 1203 1256 447.
1238 1193 1308 1240 ita
1343 1192 1412 1239 ait
1436 1206 1446 1236 ε
1475 1193 1623 1241 Checi
1670 1193 1835 1241 Codex
1871 1195 1953 1241 hie
1981 1184 2104 1241 citat
2138 1197 2289 1241 etiam

944 1283 1156 1330 Joannis
1181 1282 1323 1343 Lydi
1346 1279 1599 1329 Diurnam
1618 1288 2029 1345 menstruamque
2053 1282 2290 1331 observa-

944 1371 1149 1418 tionem.
1174 1371 1210 1416 I
1209 1370 1420 1431 ntelligit
1442 1386 1557 1416 vero
1573 1386 1628 1416 eo
1653 1372 1846 1417 nomine
1867 1372 2070 1433 Nigidii
2086 1373 2286 1433 Figuli,

945 1460 1004 1505 de
1024 1460 1290 1505 tonitruum
1300 1472 1394 1519 per
1405 1457 1627 1519 singulos
1644 1439 1833 1504 menses
1849 1466 1896 1503 et
1912 1458 2019 1503 dies
2038 1458 2291 1518 signifiea-

944 1548 1073 1593 tione
1093 1545 1306 1602 librum,
1337 1560 1481 1606 quem
1498 1544 1680 1606 Lydus
1699 1544 1779 1591 hic
1807 1560 1832 1589 e
1857 1545 2019 1588 latina
2041 1543 2215 1603 lingua
2239 1545 2294 1589 in
2364 1543 2366 1545 ’

949 1637 1179 1686 Graecam
1198 1634 1468 1699 transtulit.
1497 1633 1658 1680 Extat
1681 1634 1844 1694 ipsum
1863 1647 1986 1694 opus
2019 1633 2073 1678 in
2098 1631 2290 1679 Biblio-

942 1726 1085 1773 theca
1099 1726 1376 1781 Palatina,
1397 1721 1483 1770 ubi
1503 1737 1591 1768 nos
1617 1729 1730 1767 ante
1749 1723 2161 1783 quinquennium,
2180 1737 2292 1768 cum

944 1815 1049 1861 illic
1090 1826 1345 1874 ageremus
1368 1812 1509 1854 'inter
1535 1810 1956 1869 peregrinandum
1976 1845 1994 1865 ,
2016 1810 2290 1871 descripsi-

944 1918 1082 1958 mus,
1110 1908 1156 1946 et
1179 1897 1421 1944 edendum
1443 1895 1670 1940 dedimus
1685 1893 1815 1940 Jano
1835 1895 2139 1956 Rutge'rsio,
2156 1903 2289 1959 p‘roe·

945 1985 1240 2036 stantissimi
1255 1981 1461 2043 ingenii,
1479 1987 1525 2025 et
1541 1980 1813 2026 multarum
1827 1981 2084 2028 literarum
2090 1985 2291 2044 juveni.

943 2159 1091 2223 gotiis
1112 2154 1522 2214 distentissimus‚
1544 2152 1747 2200 traditas
1763 2170 1791 2201 a
1805 2155 2033 2202 Meursio
2055 2155 2152 2204 sibi
2174 2174 2291 2220 par-

943 2252 1016 2294 tes
1039 2244 1153 2307 egit.
1178 2243 1417 2304 Namque
1440 2241 1496 2287 in
1519 2239 1676 2288 libros
1699 2257 1789 2288 sex
1818 2240 2092 2290 Variarum
2119 2243 2289 2293 lectio-

943 2349 1082 2395 nem,
1097 2329 1329 2394 Lugdun.
1341 2318 1519 2377 Batav.
1542 2326 1684 2376 1618.
1699 2328 1746 2377 4.
1762 2326 1941 2391 editos,
1956 2329 2290 2394 Gustavoque

944 2419 1089 2470 alteri
1111 2419 1392 2468 Succorum
1413 2415 1519 2480 regi
1541 2415 1666 2477 (hoc
1691 2422 1764 2464 est
1788 2416 2021 2466 Gustavo
2046 2417 2287 2483 Adolpho

942 2511 1049 2573 illi,
1077 2509 1225 2574 quia.
1251 2507 1375 2557 1652
1394 2507 1450 2555 in
1468 2506 1743 2555 Germania
1761 2506 1999 2571 proelians
2019 2525 2287 2573 oppressus

943 2606 1016 2649 est
1029 2636 1043 2662 ‚
1061 2598 1145 2648 cui
1161 2603 1264 2646 erat
1279 2614 1307 2644 a
1319 2595 1545 2645 consiliis
1555 2595 1882 2659 Rutgersius)
1900 2595 2168 2661 inscriptos
2182 2634 2196 2661 ‚
2213 2605 2284 2647 to·

940 2696 1043 2738 tam
1062 2684 1260 2751 Nigidii
1278 2683 1665 2750 ephemeridem.
1688 2700 1795 2749 pag.
1820 2685 1913 2748 247
1937 2710 1958 2719 -
1972 2683 2069 2733 260
2085 2685 2286 2749 retulit,

942 2793 970 2825 e
998 2773 1292 2826 Meursiano
1326 2771 1613 2839 apographo
1649 2788 1950 2838 expressam.
1979 2771 2286 2837 Quanquam
