2748 3834
678 503 1058 538 REIPUBLICAB
1091 503 1364 540 nonunt
1397 502 1568 542 mnan
1743 491 1807 559 73

514 577 592 635 [μ.
629 578 851 625 Fortuna
874 588 1043 626 autem
1065 579 1333 629 extollente
1362 597 1468 629 rem
1501 584 1775 632 Romanam
1792 620 1806 644 ,

448 666 615 704 secuta
633 691 647 715 ‚
680 666 740 704 ut
769 655 880 704 fieri
908 666 1072 717 amat,
1106 658 1226 725 vitia
1263 669 1416 719 sunt,
1453 675 1510 707 ac
1533 662 1806 726 prasertim

448 733 648 783 luxuria
669 753 679 782 ι
711 744 770 783 ut
784 744 963 801 praeter
981 734 1248 783 duodecim
1265 735 1479 785 Tabulas
1499 736 1659 804 legem
1683 755 1808 804 quo·

447 831 548 880 que
567 813 629 861 de
652 811 852 860 luxuria
868 849 882 872 ‚
911 829 940 859 a
958 811 1235 860 Corinthiis
1252 812 1375 861 olim
1396 813 1543 862 latam
1561 851 1575 874 ‚
1603 817 1808 882 scripse·

446 893 553 940 rint
582 891 813 939 Romani.
840 889 1008 954 'Cujus
1044 890 1166 955 legis
1198 891 1377 940 titulus
1406 893 1510 942 sive
1544 895 1807 961 inscriptio

449 980 522 1018 est
545 969 909 1034 de Nepotibus
937 986 956 1016 .·
984 968 1053 1015 ita
1071 967 1259 1018 scilicet
1277 971 1494 1018 Romani
1520 969 1807 1022 luxuriosos

447 1045 702 1113 adpellant
716 1063 730 1104 ;
747 1054 955 1110 nepotes
966 1047 1103 1094 enim
1119 1057 1168 1095 et
1179 1051 1363 1113 ἐγγόνους
1385 1058 1435 1096 et
1448 1054 1628 1105 ἀσώτους
1641 1050 1806 1115 (luxu-

446 1123 634 1188 riosos)
658 1124 847 1190 pariter
869 1136 1064 1174 vocant.
1087 1126 1241 1175 Nobis
1262 1126 1600 1178 differentiam
1625 1131 1804 1196 paucis

445 1202 690 1269 explicare
705 1204 870 1251 visum
891 1213 978 1252 est.
995 1207 1159 1270 Nepos
1179 1209 1200 1252 ὁ
1221 1212 1379 1270 ἔγγονος
1398 1223 1426 1254 a
1445 1223 1602 1272 graeco
1633 1218 1804 1269 etymo

444 1282 633 1330 dicitur
648 1282 792 1347 quasi
810 1287 894 1336 νέος
916 1288 1007 1336 παῖς
1039 1283 1269 1348 (juvenis
1284 1285 1470 1351 puer);
1510 1285 1648 1351 quod
1673 1295 1804 1333 recte

444 1361 571 1409 dixit
587 1359 905 1408 Philoxenus.
925 1362 1087 1426 Nepos
1109 1378 1227 1409 vero
1247 1372 1297 1410 et
1320 1362 1608 1412 luxuriosus
1622 1401 1635 1423 ‚
1661 1365 1805 1429 isque

442 1442 635 1507 tropice
662 1439 851 1488 dicitur
882 1439 1121 1505 (videtur
1149 1442 1286 1488 enim
1326 1442 1380 1489 in
1419 1442 1803 1507 investigatione

442 1517 1046 1578 Graecisassentiendum„
1058 1521 1302 1584 quoniam
1315 1521 1572 1584 scorpium
1586 1522 1802 1567 Romam

440 1595 607 1662 patrio
624 1610 855 1643 sermone
871 1612 1053 1661 nepam
1067 1633 1081 1656 ,
1107 1597 1159 1644 id
1173 1607 1273 1658 est,
1290 1596 1506 1663 pedibus
1521 1607 1772 1645 carentem
1787 1631 1802 1655 ,

441 1671 627 1736 syllaba
644 1673 888 1738 privativa
906 1673 1004 1738 (ne
1026 1675 1164 1722 enim
1188 1675 1437 1741 privativo
1458 1672 1680 1722 utuntur
1702 1677 1801 1722 Ro-

441 1750 604 1810 mani,
621 1750 1053 1815 quemadmodum
1071 1753 1227 1818 Graeci
1242 1754 1296 1800 in
1317 1756 1506 1813 νήλυπος,
1530 1755 1716 1811 νήλυτος,
1741 1758 1803 1804 νή·

438 1849 559 1891 χυτος
570 1865 585 1887 ,
601 1836 783 1894 νήγρετος
796 1866 812 1888 ,
837 1831 1007 1892 νήδῖιμος
1020 1830 1039 1894 )
1054 1841 1237 1878 vocant
1248 1867 1261 1890 ‚
1276 1848 1335 1878 ex
1354 1847 1415 1878 eo
1428 1867 1442 1890 ‚
1461 1830 1601 1895 quod
1617 1840 1802 1879 natura

439 1905 562 1954 huic
583 1907 833 1959 animanti
856 1907 1052 1954 accidit.
1071 1910 1138 1955 Ut
1159 1909 1298 1955 enim
1329 1907 1508 1958 lacerta
1539 1918 1802 1972 ceteraque

437 1983 660 2046 reptilia,
690 1984 761 2030 sic
785 1993 836 2030 et
854 1985 962 2045 ipse
982 1987 1210 2047 scorpius
1234 1985 1401 2034 hieme
1425 1985 1522 2033 sub
1547 1995 1678 2033 terra
1704 1995 1803 2032 tor-

433 2047 726 2124 pens'jacetj
743 2054 817 2102 nil
830 2065 1009 2120 praeter
1020 2072 1130 2103 eam
1148 2055 1428 2121 edenssUbi
1441 2061 1597 2122 igitur
1609 2064 1803 2119 circum

434 2151 485 2183 se
498 2150 702 2183 omnem
717 2133 1024 2182 esculentam
1035 2134 1132 2183 sibi
1144 2139 1326 2184 terram
1339 2139 1634 2199 consumsit,
1648 2139 1805 2187 cirros

435 2229 553 2260 suos
575 2211 894 2276 aggreditur,
929 2229 1208 2277 omnesque
1240 2215 1350 2261 sine
1384 2230 1536 2262 sensu
1563 2215 1798 2280 depascit.

436 2291 562 2336 Vere
585 2287 754 2334 autem
780 2304 899 2334 cum
921 2290 1096 2336 ceteris
1116 2299 1307 2336 naturae
1331 2289 1437 2355 lege
1460 2291 1516 2337 in
1539 2290 1703 2338 lucem
1725 2308 1798 2338 re·

436 2376 642 2418 vocatus
657 2402 670 2424 ,
687 2365 838 2431 pedes
851 2367 1028 2432 recipit
1043 2383 1056 2425 ;
1079 2383 1472 2433 progressusque
1485 2367 1547 2417 ad
1564 2368 1800 2418 calamin-

436 2445 575 2494 tham
594 2444 820 2511 plantam
833 2480 847 2504 ‚
862 2443 968 2492 solo
981 2453 1116 2492 tactu
1131 2461 1242 2493 acre
1260 2446 1302 2509 ej
1310 2463 1369 2493 us
1386 2446 1563 2507 trahit,
1590 2446 1801 2495 adstrin-

436 2525 692 2589 giturque,
703 2522 1134 2589 quemadmodum
1149 2541 1353 2590 serpens
1365 2525 1621 2574 marathro
1637 2546 1646 2572 :
1664 2526 1802 2574 unde

439 2601 588 2647 etiam
603 2611 836 2666 nepetam
849 2602 1063 2648 Romani
1077 2601 1434 2650 calamintham
1449 2603 1642 2651 dicunt.
1663 2607 1799 2650 Scor-

440 2676 552 2740 pios
563 2677 732 2742 itaque
746 2678 820 2725 illi
838 2678 1124 2728 luxuriosos
1133 2691 1316 2727 vocant
1327 2710 1342 2739 ,
1367 2690 1427 2727 ut
1441 2691 1560 2747 pote
1575 2679 1799 2727 membra

441 2768 530 2799 sua
544 2765 907 2803 consumentes.
923 2756 1055 2803 Talia
1070 2756 1294 2821 quaedam
1314 2793 1327 2814 ,
1346 2774 1373 2803 a
1387 2759 1647 2823 proposito
1662 2757 1799 2803 aber-

443 2838 608 2877 rantes
624 2866 636 2890 ,
660 2829 721 2877 de
741 2830 821 2879 his
840 2830 1050 2881 dicenda
1075 2833 1397 2881 habebamus·
1522 2886 1532 2895 ⁵

1536 2926 1594 2956 ro
