<?xml version="1.0" encoding="UTF-8"?>
<!DOCTYPE html PUBLIC "-//W3C//DTD XHTML 1.0 Transitional//EN"
    "http://www.w3.org/TR/xhtml1/DTD/xhtml1-transitional.dtd">
<html xmlns="http://www.w3.org/1999/xhtml" xml:lang="en" lang="en">
 <head>
  <title>
</title>
<meta http-equiv="Content-Type" content="text/html;charset=utf-8" />
  <meta name='ocr-system' content='tesseract 3.04.00' />
  <meta name='ocr-capabilities' content='ocr_page ocr_carea ocr_par ocr_line ocrx_word'/>
</head>
<body>
  <div class='ocr_page' id='page_1' title='image "./demagistratibusr00lyduuoft_0276.png"; bbox 0 0 2748 3834; ppageno 0'>
   <div class='ocr_carea' id='block_1_1' title="bbox 834 492 2321 2899">
    <p class='ocr_par' dir='ltr' id='par_1_1' title="bbox 834 492 2321 2899">
     <span class='ocr_line' id='line_1_1' title="bbox 959 492 2001 553; baseline 0 -23"><span class='ocrx_word' id='word_1_1' title='bbox 959 492 1047 553; x_wconf 39' lang='lat'><em>¹7⁷⁶*</em></span> <span class='ocrx_word' id='word_1_2' title='bbox 1264 502 1389 530; x_wconf 61' lang='lat' dir='ltr'><em>Lym</em></span> <span class='ocrx_word' id='word_1_3' title='bbox 1431 500 1495 527; x_wconf 76' lang='lat' dir='ltr'><em>tm</em></span> <span class='ocrx_word' id='word_1_4' title='bbox 1531 498 2001 530; x_wconf 65' lang='lat' dir='ltr'><strong>MAcrsTnATmus</strong></span> 
     </span>
     <span class='ocr_line' id='line_1_2' title="bbox 950 573 2307 637; baseline -0.003 -12"><span class='ocrx_word' id='word_1_5' title='bbox 950 584 1010 627; x_wconf 84' lang='grc' dir='ltr'><em>ἐπὶ</em></span> <span class='ocrx_word' id='word_1_6' title='bbox 1033 583 1075 626; x_wconf 86' lang='grc' dir='ltr'><em>τὸ</em></span> <span class='ocrx_word' id='word_1_7' title='bbox 1097 579 1321 635; x_wconf 73' lang='grc' dir='ltr'><em>δικαςήριον</em></span> <span class='ocrx_word' id='word_1_8' title='bbox 1346 578 1559 636; x_wconf 78' lang='grc' dir='ltr'><em>φερόμενα,</em></span> <span class='ocrx_word' id='word_1_9' title='bbox 1583 579 1651 617; x_wconf 80' lang='grc' dir='ltr'><em>νῦν</em></span> <span class='ocrx_word' id='word_1_10' title='bbox 1681 573 1751 632; x_wconf 86' lang='grc' dir='ltr'><em>μὲν</em></span> <span class='ocrx_word' id='word_1_11' title='bbox 1772 576 1929 637; x_wconf 76' lang='grc' dir='ltr'><em>ἀπειρίᾳ</em></span> <span class='ocrx_word' id='word_1_12' title='bbox 1948 580 2024 620; x_wconf 86' lang='grc' dir='ltr'><em>τῶν</em></span> <span class='ocrx_word' id='word_1_13' title='bbox 2050 575 2088 618; x_wconf 85' lang='grc' dir='ltr'><em>ἐν</em></span> <span class='ocrx_word' id='word_1_14' title='bbox 2114 576 2222 637; x_wconf 77' lang='grc' dir='ltr'><em>αὐτῷ</em></span> <span class='ocrx_word' id='word_1_15' title='bbox 2240 594 2307 621; x_wconf 88' lang='grc' dir='ltr'><em>τε·-’</em></span> 
     </span>
     <span class='ocr_line' id='line_1_3' title="bbox 948 653 2311 716; baseline -0.004 -11"><span class='ocrx_word' id='word_1_16' title='bbox 948 663 1135 709; x_wconf 80' lang='grc' dir='ltr'><em>λούντων,</em></span> <span class='ocrx_word' id='word_1_17' title='bbox 1167 659 1232 697; x_wconf 76' lang='grc' dir='ltr'><em>νῦν</em></span> <span class='ocrx_word' id='word_1_18' title='bbox 1263 653 1306 696; x_wconf 85' lang='grc' dir='ltr'><em>δὲ</em></span> <span class='ocrx_word' id='word_1_19' title='bbox 1337 656 1603 715; x_wconf 80' lang='grc' dir='ltr'><em>σφετερισμοῖς</em></span> <span class='ocrx_word' id='word_1_20' title='bbox 1634 656 1850 716; x_wconf 74' lang='grc' dir='ltr'><em>νεωτέρων,</em></span> <span class='ocrx_word' id='word_1_21' title='bbox 1879 656 1933 705; x_wconf 87' lang='grc' dir='ltr'><em>ὡς</em></span> <span class='ocrx_word' id='word_1_22' title='bbox 1963 658 2075 715; x_wconf 85' lang='grc' dir='ltr'><em>ἔτυχε</em></span> <span class='ocrx_word' id='word_1_23' title='bbox 2106 657 2176 705; x_wconf 79' lang='grc' dir='ltr'><em>τὰς</em></span> <span class='ocrx_word' id='word_1_24' title='bbox 2205 657 2311 704; x_wconf 80' lang='grc' dir='ltr'><em>ἡνίας</em></span> 
     </span>
     <span class='ocr_line' id='line_1_4' title="bbox 948 728 2309 796; baseline -0.001 -19"><span class='ocrx_word' id='word_1_25' title='bbox 948 742 1020 780; x_wconf 81' lang='grc' dir='ltr'><em>τῶν</em></span> <span class='ocrx_word' id='word_1_26' title='bbox 1036 734 1198 794; x_wconf 85' lang='grc' dir='ltr'><em>πρώτων</em></span> <span class='ocrx_word' id='word_1_27' title='bbox 1215 736 1334 790; x_wconf 86' lang='grc' dir='ltr'><em>τιμῶν</em></span> <span class='ocrx_word' id='word_1_28' title='bbox 1353 729 1650 792; x_wconf 86' lang='grc' dir='ltr'><em>παιδαριώδεσιν</em></span> <span class='ocrx_word' id='word_1_29' title='bbox 1666 730 1885 782; x_wconf 67' lang='grc' dir='ltr'><em>αὐθαδείαις</em></span> <span class='ocrx_word' id='word_1_30' title='bbox 1903 733 2238 796; x_wconf 75' lang='grc' dir='ltr'><em>ἀναῤῥιπτούντων</em></span> <span class='ocrx_word' id='word_1_31' title='bbox 2258 739 2270 760; x_wconf 81' lang='lat'>¹</span> <span class='ocrx_word' id='word_1_32' title='bbox 2282 728 2309 776; x_wconf 53' lang='lat' dir='ltr'><em>Y.</em></span> 
     </span>
     <span class='ocr_line' id='line_1_5' title="bbox 948 807 1864 870; baseline -0.001 -15"><span class='ocrx_word' id='word_1_33' title='bbox 948 814 1132 858; x_wconf 77' lang='grc' dir='ltr'><em>Τοσαῦτα</em></span> <span class='ocrx_word' id='word_1_34' title='bbox 1153 808 1222 868; x_wconf 83' lang='grc' dir='ltr'><em>μὲν</em></span> <span class='ocrx_word' id='word_1_35' title='bbox 1245 808 1332 870; x_wconf 82' lang='grc' dir='ltr'><em>περὶ</em></span> <span class='ocrx_word' id='word_1_36' title='bbox 1349 814 1424 853; x_wconf 86' lang='grc' dir='ltr'><em>τῶν</em></span> <span class='ocrx_word' id='word_1_37' title='bbox 1443 807 1481 852; x_wconf 81' lang='grc' dir='ltr'><em>ἐν</em></span> <span class='ocrx_word' id='word_1_38' title='bbox 1499 813 1722 870; x_wconf 81' lang='grc' dir='ltr'><em>γράμμασιν</em></span> <span class='ocrx_word' id='word_1_39' title='bbox 1745 810 1864 855; x_wconf 63' lang='grc' dir='ltr'><em>ἐθῶν.</em></span> 
     </span>
     <span class='ocr_line' id='line_1_6' title="bbox 1021 884 2311 953; baseline 0.001 -22"><span class='ocrx_word' id='word_1_40' title='bbox 1021 902 1036 931; x_wconf 90' lang='lat'>1</span> <span class='ocrx_word' id='word_1_41' title='bbox 1051 884 1093 931; x_wconf 84' lang='lat'><em>5.</em></span> <span class='ocrx_word' id='word_1_42' title='bbox 1129 888 1296 936; x_wconf 60' lang='grc' dir='ltr'><em>Πλῆθος</em></span> <span class='ocrx_word' id='word_1_43' title='bbox 1321 885 1362 930; x_wconf 83' lang='grc' dir='ltr'><em>δὲ</em></span> <span class='ocrx_word' id='word_1_44' title='bbox 1385 884 1634 949; x_wconf 84' lang='grc' dir='ltr'><em>δουκιναρίων</em></span> <span class='ocrx_word' id='word_1_45' title='bbox 1651 887 1837 950; x_wconf 75' lang='grc' dir='ltr'><em>ὑπούργει</em></span> <span class='ocrx_word' id='word_1_46' title='bbox 1859 895 1916 950; x_wconf 87' lang='grc' dir='ltr'><em>τῷ</em></span> <span class='ocrx_word' id='word_1_47' title='bbox 1933 896 2007 934; x_wconf 87' lang='grc' dir='ltr'><em>τῶν</em></span> <span class='ocrx_word' id='word_1_48' title='bbox 2026 891 2311 953; x_wconf 85' lang='grc' dir='ltr'><em>πριμισκρινίων</em></span> 
     </span>
     <span class='ocr_line' id='line_1_7' title="bbox 948 961 2313 1027; baseline 0.002 -20"><span class='ocrx_word' id='word_1_49' title='bbox 948 964 1118 1023; x_wconf 83' lang='grc' dir='ltr'><em>βήματι,</em></span> <span class='ocrx_word' id='word_1_50' title='bbox 1139 968 1222 1014; x_wconf 82' lang='grc' dir='ltr'><em>ταῖς</em></span> <span class='ocrx_word' id='word_1_51' title='bbox 1242 961 1285 1015; x_wconf 78' lang='grc' dir='ltr'><em>ἐξ</em></span> <span class='ocrx_word' id='word_1_52' title='bbox 1306 966 1494 1026; x_wconf 75' lang='grc' dir='ltr'><em>ἀγράφων</em></span> <span class='ocrx_word' id='word_1_53' title='bbox 1520 965 1755 1026; x_wconf 79' lang='grc' dir='ltr'><em>προς-άξεων</em></span> <span class='ocrx_word' id='word_1_54' title='bbox 1780 966 2053 1027; x_wconf 75' lang='grc' dir='ltr'><em>διαγνώσεσιν,</em></span> <span class='ocrx_word' id='word_1_55' title='bbox 2080 969 2127 1017; x_wconf 81' lang='grc' dir='ltr'><em>ἂς</em></span> <span class='ocrx_word' id='word_1_56' title='bbox 2148 966 2313 1011; x_wconf 82' lang='grc' dir='ltr'><em>ἐκάλουν</em></span> 
     </span>
     <span class='ocr_line' id='line_1_8' title="bbox 834 1038 2314 1114; baseline 0.001 -27"><span class='ocrx_word' id='word_1_57' title='bbox 834 1039 925 1114; x_wconf 39' lang='lat' dir='ltr'><strong>Peg..</strong></span> <span class='ocrx_word' id='word_1_58' title='bbox 949 1046 1111 1097; x_wconf 81' lang='grc' dir='ltr'><em>ζευκτάς</em></span> <span class='ocrx_word' id='word_1_59' title='bbox 1140 1038 1184 1082; x_wconf 76' lang='lat'><em>*)</em></span> <span class='ocrx_word' id='word_1_60' title='bbox 1195 1079 1208 1099; x_wconf 86' lang='lat'><em>,</em></span> <span class='ocrx_word' id='word_1_61' title='bbox 1233 1042 1607 1105; x_wconf 80' lang='grc' dir='ltr'><em>ἕξυπηρετουμένων·</em></span> <span class='ocrx_word' id='word_1_62' title='bbox 1630 1054 1817 1108; x_wconf 76' lang='grc' dir='ltr'><em>πρᾶγμα,</em></span> <span class='ocrx_word' id='word_1_63' title='bbox 1840 1049 1940 1106; x_wconf 76' lang='grc' dir='ltr'><em>μετὰ</em></span> <span class='ocrx_word' id='word_1_64' title='bbox 1956 1050 2021 1095; x_wconf 74' lang='grc' dir='ltr'><em>τὴν</em></span> <span class='ocrx_word' id='word_1_65' title='bbox 2038 1048 2079 1091; x_wconf 84' lang='grc' dir='ltr'><em>ἐκ</em></span> <span class='ocrx_word' id='word_1_66' title='bbox 2096 1051 2170 1091; x_wconf 82' lang='grc' dir='ltr'><em>τῶν</em></span> <span class='ocrx_word' id='word_1_67' title='bbox 2192 1063 2314 1107; x_wconf 83' lang='grc' dir='ltr'><em>πρατ-</em></span> 
     </span>
     <span class='ocr_line' id='line_1_9' title="bbox 947 1120 2315 1187; baseline 0.005 -21"><span class='ocrx_word' id='word_1_68' title='bbox 947 1123 1118 1180; x_wconf 86' lang='grc' dir='ltr'><em>τομένων</em></span> <span class='ocrx_word' id='word_1_69' title='bbox 1141 1126 1300 1183; x_wconf 81' lang='grc' dir='ltr'><em>ἄπειρον</em></span> <span class='ocrx_word' id='word_1_70' title='bbox 1329 1127 1405 1166; x_wconf 88' lang='grc' dir='ltr'><em>τῶν</em></span> <span class='ocrx_word' id='word_1_71' title='bbox 1435 1120 1581 1184; x_wconf 78' lang='grc' dir='ltr'><em>κερδῶν</em></span> <span class='ocrx_word' id='word_1_72' title='bbox 1611 1124 1825 1185; x_wconf 77' lang='grc' dir='ltr'><em>εἰσαγωγὴν</em></span> <span class='ocrx_word' id='word_1_73' title='bbox 1832 1160 1847 1180; x_wconf 95' lang='grc'><em>,</em></span> <span class='ocrx_word' id='word_1_74' title='bbox 1873 1126 2034 1176; x_wconf 75' lang='grc' dir='ltr'><em>πλείςην</em></span> <span class='ocrx_word' id='word_1_75' title='bbox 2066 1125 2191 1187; x_wconf 76' lang='grc' dir='ltr'><em>ῥοπὴν</em></span> <span class='ocrx_word' id='word_1_76' title='bbox 2220 1139 2315 1184; x_wconf 75' lang='grc' dir='ltr'><em>χρη·</em></span> 
     </span>
     <span class='ocr_line' id='line_1_10' title="bbox 948 1193 2314 1266; baseline 0 -22"><span class='ocrx_word' id='word_1_77' title='bbox 948 1204 1082 1259; x_wconf 82' lang='grc' dir='ltr'><em>μάτων</em></span> <span class='ocrx_word' id='word_1_78' title='bbox 1102 1204 1326 1262; x_wconf 81' lang='grc' dir='ltr'><em>περιποιοῦν</em></span> <span class='ocrx_word' id='word_1_79' title='bbox 1352 1207 1408 1263; x_wconf 85' lang='grc' dir='ltr'><em>τῷ</em></span> <span class='ocrx_word' id='word_1_80' title='bbox 1439 1205 1510 1246; x_wconf 84' lang='grc' dir='ltr'><em>τοῦ</em></span> <span class='ocrx_word' id='word_1_81' title='bbox 1533 1205 1814 1265; x_wconf 84' lang='grc' dir='ltr'><em>πριμισκρινίου</em></span> <span class='ocrx_word' id='word_1_82' title='bbox 1846 1206 2110 1266; x_wconf 77' lang='grc' dir='ltr'><em>φροντίσματι.</em></span> <span class='ocrx_word' id='word_1_83' title='bbox 2132 1193 2220 1249; x_wconf 83' lang='grc' dir='ltr'><em>Ᾱπό</em></span> <span class='ocrx_word' id='word_1_84' title='bbox 2245 1200 2314 1261; x_wconf 83' lang='grc' dir='ltr'><em>μὲν</em></span> 
     </span>
     <span class='ocr_line' id='line_1_11' title="bbox 949 1280 2313 1343; baseline 0.005 -23"><span class='ocrx_word' id='word_1_85' title='bbox 949 1280 1024 1339; x_wconf 73' lang='grc' dir='ltr'><em>γὰρ</em></span> <span class='ocrx_word' id='word_1_86' title='bbox 1061 1281 1192 1339; x_wconf 80' lang='grc' dir='ltr'><em>ἀώρου</em></span> <span class='ocrx_word' id='word_1_87' title='bbox 1225 1280 1360 1329; x_wconf 86' lang='grc' dir='ltr'><em>νυκτὸς</em></span> <span class='ocrx_word' id='word_1_88' title='bbox 1393 1283 1572 1341; x_wconf 77' lang='grc' dir='ltr'><em>πράττων</em></span> <span class='ocrx_word' id='word_1_89' title='bbox 1605 1281 1627 1324; x_wconf 83' lang='grc' dir='ltr'>ὁ</span> <span class='ocrx_word' id='word_1_90' title='bbox 1659 1283 1857 1343; x_wconf 80' lang='grc' dir='ltr'><em>ὕπαρχος,</em></span> <span class='ocrx_word' id='word_1_91' title='bbox 1889 1282 2086 1327; x_wconf 82' lang='grc' dir='ltr'><em>ἀνατολῶν</em></span> <span class='ocrx_word' id='word_1_92' title='bbox 2118 1286 2210 1343; x_wconf 81' lang='grc' dir='ltr'><em>ἄχρι</em></span> <span class='ocrx_word' id='word_1_93' title='bbox 2246 1287 2313 1329; x_wconf 78' lang='grc' dir='ltr'><em>τῆς</em></span> 
     </span>
     <span class='ocr_line' id='line_1_12' title="bbox 947 1356 2314 1421; baseline -0.003 -16"><span class='ocrx_word' id='word_1_94' title='bbox 947 1360 1094 1419; x_wconf 74' lang='grc' dir='ltr'><em>ἡμέρας</em></span> <span class='ocrx_word' id='word_1_95' title='bbox 1124 1361 1206 1407; x_wconf 80' lang='grc' dir='ltr'><em>ταῖς</em></span> <span class='ocrx_word' id='word_1_96' title='bbox 1236 1356 1466 1418; x_wconf 84' lang='grc' dir='ltr'><em>διαγνώσεσι</em></span> <span class='ocrx_word' id='word_1_97' title='bbox 1488 1365 1749 1421; x_wconf 76' lang='grc' dir='ltr'><em>νυκτηγρετῶν</em></span> <span class='ocrx_word' id='word_1_98' title='bbox 1777 1360 2031 1419; x_wconf 83' lang='grc' dir='ltr'><em>ἐνησχολεῖτο·</em></span> <span class='ocrx_word' id='word_1_99' title='bbox 2056 1359 2152 1419; x_wconf 62' lang='grc' dir='ltr'><em>μεθ’</em></span> <span class='ocrx_word' id='word_1_100' title='bbox 2174 1361 2219 1406; x_wconf 74' lang='grc' dir='ltr'><em>ἣν</em></span> <span class='ocrx_word' id='word_1_101' title='bbox 2248 1359 2314 1402; x_wconf 79' lang='grc' dir='ltr'><em>τὸν</em></span> 
     </span>
     <span class='ocr_line' id='line_1_13' title="bbox 948 1434 2316 1500; baseline -0.001 -22"><span class='ocrx_word' id='word_1_102' title='bbox 948 1439 1040 1495; x_wconf 80' lang='grc' dir='ltr'><em>ἄχρι</em></span> <span class='ocrx_word' id='word_1_103' title='bbox 1060 1434 1120 1478; x_wconf 83' lang='grc' dir='ltr'><em>ἐπὶ</em></span> <span class='ocrx_word' id='word_1_104' title='bbox 1137 1438 1298 1495; x_wconf 87' lang='grc' dir='ltr'><em>καμάτῳ</em></span> <span class='ocrx_word' id='word_1_105' title='bbox 1315 1438 1583 1496; x_wconf 80' lang='grc' dir='ltr'><em>νενομισμένον</em></span> <span class='ocrx_word' id='word_1_106' title='bbox 1600 1439 1734 1500; x_wconf 81' lang='grc' dir='ltr'><em>καιρὸν</em></span> <span class='ocrx_word' id='word_1_107' title='bbox 1754 1445 1820 1486; x_wconf 79' lang='grc' dir='ltr'><em>τῆς</em></span> <span class='ocrx_word' id='word_1_108' title='bbox 1839 1439 1985 1498; x_wconf 82' lang='grc' dir='ltr'><em>ἡμέρας</em></span> <span class='ocrx_word' id='word_1_109' title='bbox 2004 1440 2084 1485; x_wconf 80' lang='grc' dir='ltr'><em>τοῖς</em></span> <span class='ocrx_word' id='word_1_110' title='bbox 2103 1435 2316 1494; x_wconf 89' lang='grc' dir='ltr'><em>δημοσιόις,</em></span> 
     </span>
     <span class='ocr_line' id='line_1_14' title="bbox 949 1510 2317 1577; baseline -0.001 -22"><span class='ocrx_word' id='word_1_111' title='bbox 949 1512 1012 1555; x_wconf 87' lang='grc' dir='ltr'><em>καὶ</em></span> <span class='ocrx_word' id='word_1_112' title='bbox 1040 1516 1123 1562; x_wconf 88' lang='grc' dir='ltr'><em>ταῖς</em></span> <span class='ocrx_word' id='word_1_113' title='bbox 1154 1512 1364 1564; x_wconf 79' lang='grc' dir='ltr'><em>ὑπουόλαις</em></span> <span class='ocrx_word' id='word_1_114' title='bbox 1396 1511 1435 1554; x_wconf 85' lang='lat'><em>²)</em></span> <span class='ocrx_word' id='word_1_115' title='bbox 1455 1521 1532 1559; x_wconf 84' lang='grc' dir='ltr'><em>τῶν</em></span> <span class='ocrx_word' id='word_1_116' title='bbox 1562 1520 1840 1577; x_wconf 75' lang='grc' dir='ltr'><em>πραγματικῶν</em></span> <span class='ocrx_word' id='word_1_117' title='bbox 1872 1513 2153 1558; x_wconf 72' lang='grc' dir='ltr'><em>διδασκαλικῶν</em></span> <span class='ocrx_word' id='word_1_118' title='bbox 2182 1528 2222 1556; x_wconf 87' lang='grc' dir='ltr'><em>τε</em></span> <span class='ocrx_word' id='word_1_119' title='bbox 2251 1510 2317 1554; x_wconf 76' lang='grc' dir='ltr'><em>καὶ</em></span> 
     </span>
     <span class='ocr_line' id='line_1_15' title="bbox 949 1589 2315 1654; baseline 0.001 -22"><span class='ocrx_word' id='word_1_120' title='bbox 949 1595 1173 1652; x_wconf 84' lang='grc' dir='ltr'><em>μονομερῶν</em></span> <span class='ocrx_word' id='word_1_121' title='bbox 1208 1589 1383 1636; x_wconf 84' lang='grc' dir='ltr'><em>ἐδαπάνα</em></span> <span class='ocrx_word' id='word_1_122' title='bbox 1416 1595 1569 1654; x_wconf 86' lang='grc' dir='ltr'><em>χρόνον·</em></span> <span class='ocrx_word' id='word_1_123' title='bbox 1608 1593 1675 1637; x_wconf 85' lang='grc' dir='ltr'><em>τὸν</em></span> <span class='ocrx_word' id='word_1_124' title='bbox 1711 1592 1755 1636; x_wconf 83' lang='grc' dir='ltr'><em>δὲ</em></span> <span class='ocrx_word' id='word_1_125' title='bbox 1788 1593 1886 1653; x_wconf 83' lang='grc' dir='ltr'><em>πρὸς</em></span> <span class='ocrx_word' id='word_1_126' title='bbox 1930 1591 2094 1653; x_wconf 84' lang='grc' dir='ltr'><em>ἑσπέραν</em></span> <span class='ocrx_word' id='word_1_127' title='bbox 2126 1592 2208 1638; x_wconf 85' lang='grc' dir='ltr'><em>ταῖς</em></span> <span class='ocrx_word' id='word_1_128' title='bbox 2239 1593 2315 1633; x_wconf 82' lang='grc' dir='ltr'><em>τῶν</em></span> 
     </span>
     <span class='ocr_line' id='line_1_16' title="bbox 950 1666 2318 1730; baseline -0.001 -20"><span class='ocrx_word' id='word_1_129' title='bbox 950 1668 1163 1727; x_wconf 83' lang='grc' dir='ltr'><em>λεγομένων</em></span> <span class='ocrx_word' id='word_1_130' title='bbox 1188 1673 1357 1721; x_wconf 83' lang='grc' dir='ltr'><em>ζευκτῶν</em></span> <span class='ocrx_word' id='word_1_131' title='bbox 1380 1670 1624 1730; x_wconf 78' lang='grc' dir='ltr'><em>ἀπαλλαγαῖς</em></span> <span class='ocrx_word' id='word_1_132' title='bbox 1647 1668 1853 1719; x_wconf 80' lang='grc' dir='ltr'><em>ἐπιδιδούς·</em></span> <span class='ocrx_word' id='word_1_133' title='bbox 1879 1667 1930 1712; x_wconf 80' lang='grc' dir='ltr'><em>δι’</em></span> <span class='ocrx_word' id='word_1_134' title='bbox 1951 1666 2003 1711; x_wconf 84' lang='grc' dir='ltr'><em>ὧν</em></span> <span class='ocrx_word' id='word_1_135' title='bbox 2029 1672 2157 1718; x_wconf 85' lang='grc' dir='ltr'><em>πάσης</em></span> <span class='ocrx_word' id='word_1_136' title='bbox 2182 1666 2318 1711; x_wconf 82' lang='grc' dir='ltr'><em>ἐπιθυ·-</em></span> 
     </span>
     <span class='ocr_line' id='line_1_17' title="bbox 951 1746 2316 1809; baseline -0.001 -22"><span class='ocrx_word' id='word_1_137' title='bbox 951 1746 1040 1802; x_wconf 81' lang='grc' dir='ltr'><em>μίας</em></span> <span class='ocrx_word' id='word_1_138' title='bbox 1062 1747 1153 1795; x_wconf 78' lang='grc' dir='ltr'><em>τούς</em></span> <span class='ocrx_word' id='word_1_139' title='bbox 1175 1764 1216 1790; x_wconf 90' lang='grc' dir='ltr'><em>τε</em></span> <span class='ocrx_word' id='word_1_140' title='bbox 1238 1747 1485 1809; x_wconf 76' lang='grc' dir='ltr'><em>λειτουργοὺς</em></span> <span class='ocrx_word' id='word_1_141' title='bbox 1509 1754 1577 1797; x_wconf 82' lang='grc' dir='ltr'><em>τῆς</em></span> <span class='ocrx_word' id='word_1_142' title='bbox 1613 1746 1745 1803; x_wconf 79' lang='grc' dir='ltr'><em>δίκης,</em></span> <span class='ocrx_word' id='word_1_143' title='bbox 1771 1748 1862 1797; x_wconf 81' lang='grc' dir='ltr'><em>τούς</em></span> <span class='ocrx_word' id='word_1_144' title='bbox 1885 1764 1925 1791; x_wconf 88' lang='grc' dir='ltr'><em>τε</em></span> <span class='ocrx_word' id='word_1_145' title='bbox 1956 1749 2217 1806; x_wconf 71' lang='grc' dir='ltr'><em>τυγχάνοντας</em></span> <span class='ocrx_word' id='word_1_146' title='bbox 2239 1749 2316 1788; x_wconf 79' lang='grc' dir='ltr'><em>τῶν</em></span> 
     </span>
     <span class='ocr_line' id='line_1_18' title="bbox 950 1821 2318 1884; baseline -0.001 -19"><span class='ocrx_word' id='word_1_147' title='bbox 950 1825 1174 1882; x_wconf 81' lang='grc' dir='ltr'><em>πρακτέων,</em></span> <span class='ocrx_word' id='word_1_148' title='bbox 1197 1824 1260 1867; x_wconf 83' lang='grc' dir='ltr'><em>καὶ</em></span> <span class='ocrx_word' id='word_1_149' title='bbox 1287 1823 1379 1875; x_wconf 82' lang='grc' dir='ltr'><em>τοὺς</em></span> <span class='ocrx_word' id='word_1_150' title='bbox 1408 1825 1774 1884; x_wconf 82' lang='grc' dir='ltr'><em>ἀπαλλαττομένους</em></span> <span class='ocrx_word' id='word_1_151' title='bbox 1791 1829 1867 1869; x_wconf 87' lang='grc' dir='ltr'><em>τῶν</em></span> <span class='ocrx_word' id='word_1_152' title='bbox 1887 1823 2003 1868; x_wconf 83' lang='grc' dir='ltr'><em>δικῶν</em></span> <span class='ocrx_word' id='word_1_153' title='bbox 2030 1824 2211 1884; x_wconf 80' lang='grc' dir='ltr'><em>ἐνεφόρει.</em></span> <span class='ocrx_word' id='word_1_154' title='bbox 2236 1821 2318 1865; x_wconf 77' lang='grc' dir='ltr'><em>Καὶ</em></span> 
     </span>
     <span class='ocr_line' id='line_1_19' title="bbox 949 1897 2318 1963; baseline -0.001 -20"><span class='ocrx_word' id='word_1_155' title='bbox 949 1902 1195 1960; x_wconf 82' lang='grc' dir='ltr'><em>παραχωρεῖν</em></span> <span class='ocrx_word' id='word_1_156' title='bbox 1222 1901 1290 1959; x_wconf 86' lang='grc' dir='ltr'><em>μὲν</em></span> <span class='ocrx_word' id='word_1_157' title='bbox 1316 1907 1370 1960; x_wconf 83' lang='grc' dir='ltr'><em>τῷ</em></span> <span class='ocrx_word' id='word_1_158' title='bbox 1394 1897 1435 1941; x_wconf 82' lang='lat'><em>3)</em></span> <span class='ocrx_word' id='word_1_159' title='bbox 1459 1901 1674 1963; x_wconf 74' lang='grc' dir='ltr'><em>δικας-ηρίῳ</em></span> <span class='ocrx_word' id='word_1_160' title='bbox 1703 1903 1727 1950; x_wconf 78' lang='grc' dir='ltr'>ἢ</span> <span class='ocrx_word' id='word_1_161' title='bbox 1750 1903 2057 1961; x_wconf 64' lang='grc' dir='ltr'><em>χαλάσθαιτοῖς</em></span> <span class='ocrx_word' id='word_1_162' title='bbox 2079 1903 2212 1949; x_wconf 84' lang='grc' dir='ltr'><em>πόνοις</em></span> <span class='ocrx_word' id='word_1_163' title='bbox 2243 1899 2318 1942; x_wconf 72' lang='grc' dir='ltr'><em>οὺ·-</em></span> 
     </span>
     <span class='ocr_line' id='line_1_20' title="bbox 948 1970 2314 2037; baseline 0.001 -20"><span class='ocrx_word' id='word_1_164' title='bbox 948 1973 1028 2024; x_wconf 81' lang='grc' dir='ltr'><em>δείς</em></span> <span class='ocrx_word' id='word_1_165' title='bbox 1068 2007 1101 2019; x_wconf 82' lang='grc'><em>..</em></span> <span class='ocrx_word' id='word_1_166' title='bbox 1119 2008 1128 2017; x_wconf 95' lang='grc'><strong>.</strong></span> <span class='ocrx_word' id='word_1_167' title='bbox 1146 1994 1219 2019; x_wconf 88' lang='grc' dir='ltr'><em>νων</em></span> <span class='ocrx_word' id='word_1_168' title='bbox 1237 1972 1490 2034; x_wconf 72' lang='grc' dir='ltr'><em>4)ὺπέμενεν·</em></span> <span class='ocrx_word' id='word_1_169' title='bbox 1516 1980 1535 2020; x_wconf 89' lang='grc' dir='ltr'>ὁ</span> <span class='ocrx_word' id='word_1_170' title='bbox 1566 1978 1609 2020; x_wconf 81' lang='grc' dir='ltr'><em>δὲ</em></span> <span class='ocrx_word' id='word_1_171' title='bbox 1638 1981 1813 2037; x_wconf 81' lang='grc' dir='ltr'><em>ὕπαρχος</em></span> <span class='ocrx_word' id='word_1_172' title='bbox 1835 1981 1899 2020; x_wconf 83' lang='grc' dir='ltr'><em>τὸν</em></span> <span class='ocrx_word' id='word_1_173' title='bbox 1921 1983 2009 2037; x_wconf 84' lang='grc' dir='ltr'><em>ὅρον</em></span> <span class='ocrx_word' id='word_1_174' title='bbox 2031 1984 2100 2024; x_wconf 79' lang='grc' dir='ltr'><em>τῆς</em></span> <span class='ocrx_word' id='word_1_175' title='bbox 2121 1979 2246 2036; x_wconf 77' lang='grc' dir='ltr'><em>ἀρχῆς</em></span> <span class='ocrx_word' id='word_1_176' title='bbox 2275 1970 2314 2014; x_wconf 85' lang='lat'><em>5)</em></span> 
     </span>
     <span class='ocr_line' id='line_1_21' title="bbox 952 2046 2316 2112; baseline 0.001 -19"><span class='ocrx_word' id='word_1_177' title='bbox 952 2054 1050 2110; x_wconf 86' lang='grc' dir='ltr'><em>ἔγνω</em></span> <span class='ocrx_word' id='word_1_178' title='bbox 1080 2058 1212 2111; x_wconf 79' lang='grc' dir='ltr'><em>σοφῶς</em></span> <span class='ocrx_word' id='word_1_179' title='bbox 1235 2046 1303 2106; x_wconf 75' lang='grc'><em>6),</em></span> <span class='ocrx_word' id='word_1_180' title='bbox 1323 2052 1584 2110; x_wconf 74' lang='grc' dir='ltr'><em>ἐπιςάμενος,</em></span> <span class='ocrx_word' id='word_1_181' title='bbox 1616 2056 1672 2096; x_wconf 83' lang='grc' dir='ltr'><em>ὅτι</em></span> <span class='ocrx_word' id='word_1_182' title='bbox 1702 2054 1764 2095; x_wconf 89' lang='grc' dir='ltr'><em>καὶ</em></span> <span class='ocrx_word' id='word_1_183' title='bbox 1793 2053 1997 2112; x_wconf 82' lang='grc' dir='ltr'><em>ἐλευθέρων</em></span> <span class='ocrx_word' id='word_1_184' title='bbox 2019 2056 2151 2112; x_wconf 79' lang='grc' dir='ltr'><em>ἄρχει,</em></span> <span class='ocrx_word' id='word_1_185' title='bbox 2174 2051 2238 2094; x_wconf 86' lang='grc' dir='ltr'><em>καὶ</em></span> <span class='ocrx_word' id='word_1_186' title='bbox 2271 2051 2316 2094; x_wconf 79' lang='grc' dir='ltr'><em>οὐ</em></span> 
     </span>
     <span class='ocr_line' id='line_1_22' title="bbox 951 2121 2317 2190; baseline 0.001 -21"><span class='ocrx_word' id='word_1_187' title='bbox 951 2126 1040 2170; x_wconf 84' lang='grc' dir='ltr'><em>δ...</em></span> <span class='ocrx_word' id='word_1_188' title='bbox 1075 2121 1115 2166; x_wconf 86' lang='grc'><em>7)</em></span> <span class='ocrx_word' id='word_1_189' title='bbox 1138 2128 1295 2176; x_wconf 86' lang='grc' dir='ltr'><em>παντός·</em></span> <span class='ocrx_word' id='word_1_190' title='bbox 1333 2128 1397 2170; x_wconf 85' lang='grc' dir='ltr'><em>καὶ</em></span> <span class='ocrx_word' id='word_1_191' title='bbox 1427 2136 1472 2187; x_wconf 78' lang='grc' dir='ltr'><em>τῇ</em></span> <span class='ocrx_word' id='word_1_192' title='bbox 1509 2127 1614 2180; x_wconf 83' lang='grc' dir='ltr'><em>τάξει</em></span> <span class='ocrx_word' id='word_1_193' title='bbox 1635 2131 1805 2190; x_wconf 86' lang='grc' dir='ltr'><em>συνέχειν</em></span> <span class='ocrx_word' id='word_1_194' title='bbox 1835 2124 1880 2169; x_wconf 87' lang='grc'><em>8)</em></span> <span class='ocrx_word' id='word_1_195' title='bbox 1903 2128 2030 2172; x_wconf 86' lang='grc' dir='ltr'><em>ἐδιδου</em></span> <span class='ocrx_word' id='word_1_196' title='bbox 2067 2130 2213 2187; x_wconf 76' lang='grc' dir='ltr'><em>ἀνοχὰς</em></span> <span class='ocrx_word' id='word_1_197' title='bbox 2239 2132 2317 2171; x_wconf 90' lang='grc' dir='ltr'><em>τῶν</em></span> 
     </span>
     <span class='ocr_line' id='line_1_23' title="bbox 955 2205 2321 2269; baseline 0.001 -23"><span class='ocrx_word' id='word_1_198' title='bbox 955 2208 1158 2262; x_wconf 81' lang='grc' dir='ltr'><em>καμάτων,</em></span> <span class='ocrx_word' id='word_1_199' title='bbox 1193 2206 1241 2247; x_wconf 77' lang='grc' dir='ltr'><em>τοὶ</em></span> <span class='ocrx_word' id='word_1_200' title='bbox 1264 2208 1331 2246; x_wconf 83' lang='grc' dir='ltr'><em>νῦν</em></span> <span class='ocrx_word' id='word_1_201' title='bbox 1361 2205 1426 2248; x_wconf 86' lang='grc' dir='ltr'><em>καὶ</em></span> <span class='ocrx_word' id='word_1_202' title='bbox 1450 2207 1546 2266; x_wconf 76' lang='grc' dir='ltr'><em>αὐτῇ</em></span> <span class='ocrx_word' id='word_1_203' title='bbox 1569 2215 1615 2266; x_wconf 77' lang='grc' dir='ltr'><em>τῇ</em></span> <span class='ocrx_word' id='word_1_204' title='bbox 1647 2210 1889 2269; x_wconf 75' lang='grc' dir='ltr'><em>προσηγορίᾳ</em></span> <span class='ocrx_word' id='word_1_205' title='bbox 1914 2208 1958 2250; x_wconf 82' lang='grc' dir='ltr'><em>τὸ</em></span> <span class='ocrx_word' id='word_1_206' title='bbox 1989 2207 2124 2251; x_wconf 83' lang='grc' dir='ltr'><em>λοιπὸν</em></span> <span class='ocrx_word' id='word_1_207' title='bbox 2146 2206 2321 2264; x_wconf 78' lang='grc' dir='ltr'><em>ἀγνοού-</em></span> 
     </span>
     <span class='ocr_line' id='line_1_24' title="bbox 955 2279 2320 2344; baseline 0.001 -20"><span class='ocrx_word' id='word_1_208' title='bbox 955 2298 1052 2339; x_wconf 81' lang='grc' dir='ltr'><em>μενα</em></span> <span class='ocrx_word' id='word_1_209' title='bbox 1072 2283 1253 2342; x_wconf 88' lang='grc' dir='ltr'><em>παρέχων</em></span> <span class='ocrx_word' id='word_1_210' title='bbox 1264 2284 1498 2340; x_wconf 86' lang='grc' dir='ltr'><em>μονόμισσα·</em></span> <span class='ocrx_word' id='word_1_211' title='bbox 1517 2279 1556 2324; x_wconf 89' lang='grc'><em>9)</em></span> <span class='ocrx_word' id='word_1_212' title='bbox 1578 2280 1701 2344; x_wconf 82' lang='grc' dir='ltr'><em>(οὕτω</em></span> <span class='ocrx_word' id='word_1_213' title='bbox 1720 2283 1762 2328; x_wconf 83' lang='grc' dir='ltr'><em>δὲ</em></span> <span class='ocrx_word' id='word_1_214' title='bbox 1784 2288 1850 2333; x_wconf 75' lang='grc' dir='ltr'><em>τἠν</em></span> <span class='ocrx_word' id='word_1_215' title='bbox 1868 2281 2061 2334; x_wconf 68' lang='grc' dir='ltr'><em>καθάπαξ</em></span> <span class='ocrx_word' id='word_1_216' title='bbox 2076 2282 2320 2337; x_wconf 83' lang='grc' dir='ltr'><em>ἀνάπαυλαν,</em></span> 
     </span>
     <span class='ocr_line' id='line_1_25' title="bbox 954 2355 2316 2422; baseline 0.001 -21"><span class='ocrx_word' id='word_1_217' title='bbox 954 2359 998 2402; x_wconf 83' lang='grc' dir='ltr'><em>ἐκ</em></span> <span class='ocrx_word' id='word_1_218' title='bbox 1019 2360 1138 2416; x_wconf 87' lang='grc' dir='ltr'><em>μέσης</em></span> <span class='ocrx_word' id='word_1_219' title='bbox 1162 2367 1228 2407; x_wconf 81' lang='grc' dir='ltr'><em>τῆς</em></span> <span class='ocrx_word' id='word_1_220' title='bbox 1248 2360 1395 2420; x_wconf 70' lang='grc' dir='ltr'><em>ἡμέρας</em></span> <span class='ocrx_word' id='word_1_221' title='bbox 1417 2358 1617 2418; x_wconf 85' lang='grc' dir='ltr'><em>διδομένην</em></span> <span class='ocrx_word' id='word_1_222' title='bbox 1634 2370 1679 2422; x_wconf 77' lang='grc' dir='ltr'><em>τῇ</em></span> <span class='ocrx_word' id='word_1_223' title='bbox 1698 2360 1828 2419; x_wconf 84' lang='grc' dir='ltr'><em>τάξει,</em></span> <span class='ocrx_word' id='word_1_224' title='bbox 1852 2365 1876 2410; x_wconf 79' lang='grc' dir='ltr'>ἡ</span> <span class='ocrx_word' id='word_1_225' title='bbox 1895 2362 2106 2411; x_wconf 82' lang='grc' dir='ltr'><em>παλαιότης</em></span> <span class='ocrx_word' id='word_1_226' title='bbox 2132 2355 2316 2418; x_wconf 60' lang='grc' dir='ltr'><em>ἐκαλεσε)</em></span> 
     </span>
     <span class='ocr_line' id='line_1_26' title="bbox 1016 2459 1604 2511; baseline 0.005 -13"><span class='ocrx_word' id='word_1_227' title='bbox 1016 2460 1057 2507; x_wconf 81' lang='lat'><em>1)</em></span> <span class='ocrx_word' id='word_1_228' title='bbox 1086 2459 1199 2496; x_wconf 76' lang='lat' dir='ltr'><strong>Patet</strong></span> <span class='ocrx_word' id='word_1_229' title='bbox 1224 2459 1379 2511; x_wconf 84' lang='lat' dir='ltr'>aliquid</span> <span class='ocrx_word' id='word_1_230' title='bbox 1401 2461 1604 2500; x_wconf 57' lang='lat' dir='ltr'><strong>excidisse„</strong></span> 
     </span>
     <span class='ocr_line' id='line_1_27' title="bbox 1013 2523 1420 2574; baseline -0.005 -11"><span class='ocrx_word' id='word_1_231' title='bbox 1013 2524 1060 2570; x_wconf 86' lang='lat'><em>2)</em></span> <span class='ocrx_word' id='word_1_232' title='bbox 1089 2523 1198 2574; x_wconf 85' lang='lat' dir='ltr'><strong>Lego</strong></span> <span class='ocrx_word' id='word_1_233' title='bbox 1219 2525 1420 2569; x_wconf 67' lang='grc' dir='ltr'><em>ὑποέολαῖς.</em></span> 
     </span>
     <span class='ocr_line' id='line_1_28' title="bbox 992 2590 1330 2642; baseline -0.006 -11"><span class='ocrx_word' id='word_1_234' title='bbox 992 2592 1060 2638; x_wconf 73' lang='lat'><em>3)</em></span> <span class='ocrx_word' id='word_1_235' title='bbox 1088 2590 1196 2642; x_wconf 80' lang='lat' dir='ltr'>Lego</span> <span class='ocrx_word' id='word_1_236' title='bbox 1215 2593 1250 2628; x_wconf 81' lang='grc' dir='ltr'><em>ἐν</em></span> <span class='ocrx_word' id='word_1_237' title='bbox 1268 2597 1330 2641; x_wconf 79' lang='grc' dir='ltr'><em>τῷ.</em></span> 
     </span>
     <span class='ocr_line' id='line_1_29' title="bbox 1009 2654 1368 2706; baseline 0.003 -14"><span class='ocrx_word' id='word_1_238' title='bbox 1009 2655 1061 2704; x_wconf 71' lang='grc'><em>4)</em></span> <span class='ocrx_word' id='word_1_239' title='bbox 1090 2654 1198 2706; x_wconf 82' lang='lat' dir='ltr'>Lego</span> <span class='ocrx_word' id='word_1_240' title='bbox 1220 2657 1368 2693; x_wconf 78' lang='grc' dir='ltr'><em>ἐκείνων.</em></span> 
     </span>
     <span class='ocr_line' id='line_1_30' title="bbox 1014 2716 2100 2773; baseline 0.004 -18"><span class='ocrx_word' id='word_1_241' title='bbox 1014 2717 1060 2765; x_wconf 88' lang='grc'><em>5)</em></span> <span class='ocrx_word' id='word_1_242' title='bbox 1086 2716 1183 2755; x_wconf 83' lang='lat' dir='ltr'>Cod.</span> <span class='ocrx_word' id='word_1_243' title='bbox 1205 2721 1306 2770; x_wconf 76' lang='grc' dir='ltr'><em>ἀρ...</em></span> <span class='ocrx_word' id='word_1_244' title='bbox 1333 2717 1453 2758; x_wconf 82' lang='lat' dir='ltr'><strong>Conf.</strong></span> <span class='ocrx_word' id='word_1_245' title='bbox 1482 2732 1558 2771; x_wconf 81' lang='lat'><em>111,</em></span> <span class='ocrx_word' id='word_1_246' title='bbox 1588 2717 1661 2773; x_wconf 82' lang='lat'><em>39,</em></span> <span class='ocrx_word' id='word_1_247' title='bbox 1691 2718 1754 2759; x_wconf 71' lang='grc' dir='ltr'><em>τὀν</em></span> <span class='ocrx_word' id='word_1_248' title='bbox 1779 2720 1862 2773; x_wconf 74' lang='grc' dir='ltr'><em>’ὅρον</em></span> <span class='ocrx_word' id='word_1_249' title='bbox 1888 2725 1949 2764; x_wconf 78' lang='grc' dir='ltr'><em>τῆς</em></span> <span class='ocrx_word' id='word_1_250' title='bbox 1975 2720 2100 2773; x_wconf 76' lang='grc' dir='ltr'><em>ἀρχῆς.</em></span> 
     </span>
     <span class='ocr_line' id='line_1_31' title="bbox 1013 2780 1333 2832; baseline 0.003 -13"><span class='ocrx_word' id='word_1_251' title='bbox 1013 2780 1061 2829; x_wconf 86' lang='grc'><em>6)</em></span> <span class='ocrx_word' id='word_1_252' title='bbox 1089 2780 1186 2819; x_wconf 78' lang='lat' dir='ltr'><strong>Cod.</strong></span> <span class='ocrx_word' id='word_1_253' title='bbox 1214 2782 1333 2832; x_wconf 77' lang='grc' dir='ltr'><em>σοφὸς.</em></span> 
     </span>
     <span class='ocr_line' id='line_1_32' title="bbox 1015 2846 1374 2899; baseline 0 -14"><span class='ocrx_word' id='word_1_254' title='bbox 1015 2847 1065 2897; x_wconf 79' lang='lat'><em>7)</em></span> <span class='ocrx_word' id='word_1_255' title='bbox 1094 2846 1205 2899; x_wconf 83' lang='lat' dir='ltr'><strong>Lego</strong></span> <span class='ocrx_word' id='word_1_256' title='bbox 1231 2846 1374 2887; x_wconf 73' lang='grc' dir='ltr'><em>δούλου.</em></span> 
     </span>
    </p>
   </div>
  </div>
 </body>
</html>
