2748 3834
564 554 940 589 REIPUBLICAE
959 547 1245 586 'ROMANAE
1278 553 1386 586 mn.
1421 554 1510 587 111.
1635 538 1725 606 157

356 631 559 680 illarum
584 629 879 679 dioecesium
905 627 1042 676 curis
1066 625 1396 692 epistolarum
1418 628 1680 680 addendus
1701 647 1732 679 e

355 712 565 780 publico
605 721 807 760 sumtus
844 711 1137 775 imperatur.
1169 710 1293 756 Nam
1325 724 1586 759 armorum
1614 714 1731 762 oei-i.

357 796 504 842 nium
540 803 672 842 certa
710 791 861 839 habet
890 806 919 837 a
954 789 1232 856 provinciis
1265 788 1485 851 tributa,
1528 808 1732 855 nervos,

359 877 597 941 inquam,
626 889 794 932 arcus,
826 881 876 919 et
911 869 1134 935 reliqua3
1160 869 1537 920 necessitatibus
1561 882 1731 923 autem

359 955 414 1002 in
451 952 585 1001 bello
610 951 772 1000 obviis
797 947 1096 1015 imperando
1126 947 1377 997 subvenit.

426 1032 475 1080 6.
511 1035 788 1080 Innumera
820 1039 991 1077 autem
1016 1045 1133 1076 cum
1159 1030 1224 1077 sit
1257 1029 1574 1086 notariorum
1598 1032 1734 1081 mul-

359 1109 552 1170 titudo,
580 1124 888 1175 magnasque
924 1107 1053 1155 lucri
1086 1106 1298 1173 parandi
1326 1111 1734 1175 opportunitates

359 1187 599 1246 habeant3
636 1187 932 1235 literatiores
961 1202 1139 1234 eorum
1171 1195 1221 1233 et
1250 1187 1533 1236 ministerio
1559 1205 1703 1255 pares
1720 1226 1735 1250 ,

362 1271 417 1317 in
461 1267 759 1335 quindecim
802 1265 1095 1326 ordinibus,
1131 1282 1257 1332 quas
1299 1267 1492 1316 scholas
1526 1280 1735 1330 vocant,

361 1349 678 1415 colliguntur
699 1366 709 1395 ε
737 1365 764 1395 e
788 1346 978 1413 quibus
1001 1348 1092 1412 qui
1117 1363 1270 1395 suum
1293 1348 1563 1396 tractandis
1585 1349 1736 1398 rebus

361 1446 512 1479 usum
533 1428 830 1495 probavere,
852 1428 905 1474 in
922 1426 1274 1492 Augustalium
1294 1426 1549 1488 ordinem,
1566 1429 1607 1476 si
1623 1430 1735 1495 qui-

362 1509 479 1557 dem
507 1507 721 1567 volunt,
752 1523 919 1572 neque
949 1516 1118 1554 tamen
1150 1507 1249 1554 nisi
1286 1515 1401 1571 post
1434 1505 1736 1555 boethuram

364 1594 459 1647 (ut
495 1591 703 1645 vocant)
730 1586 946 1651 recepti,
991 1584 1226 1632 militiam
1256 1584 1604 1646 cornicularii3
1644 1587 1738 1652 qui

363 1674 532 1714 autem
562 1665 616 1711 in
643 1663 876 1712 codicillo
903 1673 1142 1723 manent,
1171 1662 1382 1711 eandem
1406 1665 1737 1729 primiscrinii

363 1761 577 1792 munere
607 1742 838 1810 implent.
880 1744 949 1790 Ac
976 1742 1039 1790 de
1075 1741 1155 1791 his
1182 1730 1391 1808 quidem
1413 1758 1506 1791 suo
1530 1742 1642 1792 loco
1663 1759 1740 1792 ac-

363 1824 589 1871 curatius
611 1821 986 1888 explicavimus.
1194 1819 1197 1823 ’

432 1919 473 1966 7..
510 1900 741 1948 Literatis
762 1916 881 1947 vero
897 1899 1192 1946 ministeriis
1203 1899 1497 1965 praepositos
1515 1915 1736 1966 sequun-

360 1989 470 2038 tur,
498 1995 628 2043 quos
652 1977 930 2042 singulares
953 1977 1156 2037 dicunt,
1181 1978 1279 2026 viri
1310 1978 1514 2027 solertes
1530 2016 1543 2038 ‚
1568 1978 1736 2045 publi-

359 2071 539 2104 corum
567 2056 889 2120 negotiorum
921 2055 1078 2119 gratia
1111 2055 1167 2100 in
1199 2056 1490 2119 provincias
1513 2055 1752 2121 proficis<

360 2144 529 2183 centes
558 2152 568 2181 :
600 2134 692 2199 qui
718 2149 838 2181 cum
863 2133 1081 2180 maxime
1110 2133 1382 2180 necessaria
1408 2143 1459 2180 et
1487 2133 1561 2180 ad.
1579 2135 1740 2199 ipsam

361 2229 614 2261 summam
642 2211 932 2277 reipublicae
959 2213 1267 2277 pertinentia
1302 2214 1502 2277 negotia
1533 2213 1652 2259 inde
1677 2212 1741 2260 ab

305 2343 308 2346 ,
364 2292 514 2339 initio
561 2299 820 2338 curassent
839 2326 852 2349 ,
904 2289 1258 2353 languescente
1293 2290 1396 2353 jam
1447 2289 1740 2354 praefectura

362 2370 613 2436 praetorii,
651 2367 1125 2433 magistrianorum‚
1158 2383 1288 2432 quos
1326 2378 1529 2429 vocant,
1572 2370 1740 2416 inanis

362 2450 632 2499 ostentatio
653 2450 866 2514 irrepsit.
885 2436 1231 2514 Singularium
1245 2458 1415 2512 autem
1433 2448 1533 2497 illis
1549 2466 1738 2498 nomen

363 2528 483 2577 inde
512 2528 677 2588 venit,
706 2526 847 2592 quod
874 2543 979 2575 uno
1003 2526 1186 2575 veredo
1215 2527 1347 2593 (uno
1373 2527 1605 2576 videlicet
1628 2546 1737 2595 par-

362 2606 555 2675 hippo)
599 2607 653 2653 in
694 2606 979 2672 provincias
1014 2605 1388 2672 proficiscentes
1429 2607 1736 2667 utebantur;

366 2686 618 2752 singulare
641 2689 779 2735 enim
800 2687 938 2754 apud
962 2688 1111 2737 Italos
1136 2698 1281 2739 sonat
1300 2706 1482 2739 unum.
1505 2693 1734 2757 Sequun-

420 2807 467 2856 3)
494 2804 593 2845 cod.
622 2810 1088 2863 κομποφακελλορημοσύνη.

423 2873 470 2922 4)
497 2869 597 2909 Cod.
616 2873 764 2923 βερέδω.
792 2910 794 2912 ,

427 2933 474 2984 5)
500 2932 600 2976 Cod.
629 2934 728 2988 δρᾶν.
