2748 3834
930 503 1039 563 xlvj
1361 511 1844 542 COMMENTARIUS

931 615 1169 674 impresso
1196 608 1311 653 ibid.
1340 622 1444 667 pag.
1477 606 1573 664 429
1597 606 1728 663 ima,
1756 605 1856 650 No.
1889 606 1959 664 4„
1995 606 2075 652 his
2103 608 2274 654 verbis

931 701 1348 743 commemoratur
1382 708 1389 735 :
1428 691 1688 753 Anonymi
1711 693 2084 738 Kalemlarium
2105 728 2123 750 ,
2170 696 2274 740 sive

929 783 1258 844 ephemerides
1271 816 1290 838 ,
1330 783 1381 825 in
1403 778 1579 841 quibus
1610 788 1856 826 astrorum
1887 790 2022 827 ortas
2056 789 2101 826 et
2137 797 2274 826 occa-

928 888 1011 916 sus
1052 877 1142 915 cic.
1186 870 1230 915 4.
1254 867 1271 930 )
1308 867 1369 913 In
1407 864 1588 912 Codice
1634 866 1906 915 Parisiensi
1955 869 2054 915 No.
2100 869 2230 916 5034
2256 905 2269 929 ,

928 958 1047 1004 olim
1068 957 1228 1019 Regio
1249 994 1260 1016 ,
1288 973 1313 1002 a
1335 955 1510 1016 Bigoto
1531 954 1728 1002 Italiam
1750 955 1992 1004 lustrante
2023 957 2039 1018 ζ
2060 956 2178 1004 vide
2198 972 2275 1002 su-

928 1063 1015 1107 pra
1034 1062 1137 1107 pag.
1159 1040 1393 1104 xxxvij.)
1415 1043 1482 1088 ita
1507 1050 1732 1104 perarato
1747 1080 1759 1103 7
1787 1052 1842 1091 ut
1860 1045 2112 1108 epitomen
2130 1044 2274 1105 majo-

927 1149 1032 1179 rem
1055 1133 1191 1177 illam
1218 1130 1334 1176 libri
1357 1128 1418 1175 de
1442 1131 1707 1178 Mensibus
1726 1131 2035 1179 Kalendario
2060 1132 2158 1179 hoc
2186 1148 2273 1177 no—

927 1226 1030 1267 stro
1050 1218 1272 1279 subjecto
1295 1218 1600 1265 terminaret.
1631 1217 1706 1281 5.)
1733 1221 1796 1266 In
1815 1219 2092 1282 exemplari
2116 1217 2275 1265 Mari-

927 1308 1075 1354 niano
1091 1306 1322 1369 superius
1338 1314 1613 1354 memorato
1627 1324 1734 1370 pag.
1752 1308 2146 1375 xxxix.Hai·les.
2161 1306 2272 1353 loco

927 1396 1057 1443 citat.
1075 1394 1196 1441 Vol.
1215 1394 1313 1455 IV,
1330 1411 1375 1456 p.
1399 1393 1506 1457 157.
1530 1394 1619 1443 lin.
1643 1410 1722 1440 22.
1741 1396 1942 1453 Quibus
1963 1412 2026 1444 ex
2048 1395 2276 1457 quinque

927 1484 1181 1531 codicibus
1227 1483 1464 1546 quamvis
1509 1482 1637 1531 duos
1674 1483 1945 1533 Schowius
1988 1486 2167 1532 Romae
2223 1482 2278 1527 in

926 1574 1155 1621 manibus
1179 1572 1388 1632 habuit,
1433 1573 1770 1620 Barberinum
1792 1571 2054 1632 videlicet,
2093 1577 2140 1616 et
2168 1570 2278 1615 Ma-

926 1662 1179 1708 rinian‘um
1202 1698 1213 1719 ,
1258 1668 1426 1709 tamen
1458 1661 1520 1709 ad
1551 1678 1693 1708 suam
1721 1659 1994 1707 editionem
2025 1656 2278 1705 Kalenda-

926 1749 1059 1796 rium
1080 1751 1237 1797 Tusci
1259 1767 1366 1797 non
1391 1749 1625 1812 adjunxit
1647 1769 1655 1793 ε
1694 1748 1843 1796 credo
1879 1747 2018 1811 quod
2040 1747 2238 1796 videret
2261 1781 2276 1806 ‚

928 1836 988 1883 ad
1016 1837 1204 1885 librum
1223 1836 1282 1882 de
1303 1837 1568 1882 Mensibus
1585 1835 1717 1881 nihil
1738 1837 2005 1897 pertinere.
2022 1836 2279 1892 Quartum¹

927 1923 1264 1986 fragmentum
1291 1921 1410 1967 libri
1441 1920 1503 1967 de
1535 1921 1759 1966 Ostentis
1779 1958 1791 1979 ,
1822 1923 1881 1966 de
1902 1923 2162 1967 tonitribus
2183 1939 2278 1982 ge-

929 2012 1139 2055 neratim
1155 2043 1174 2064 ,
1203 2023 1343 2068 aeque
1367 2004 1618 2053 ineditum
1644 2005 1773 2052 illud
1794 2005 1998 2068 quidem
2018 2042 2030 2066 ‚
2056 2006 2110 2053 in
2131 2005 2276 2053 codd.

928 2095 1229 2158 inscriptum
1258 2111 1360 2140 esse
1398 2093 1523 2141 solet
1543 2110 1552 2140 :
1603 2083 1770 2139 Ῐωοὲννον
1814 2098 2058 2158 Λαυρεντίον
2098 2095 2237 2142 Λυδοῦ
2262 2131 2276 2151 ,

930 2186 1216 2245 Φιλαδελφέως,
1243 2184 1301 2227 ἐπὶ
1324 2192 1391 2232 τῆς
1415 2183 1613 2239 βασιλείας
1643 2187 1750 2233 ὄντος
1789 2171 2033 2236 Ῐονςινιανοῦ
2056 2191 2124 2229 τοῦ
2149 2190 2278 2244 μεγά-

928 2276 1017 2327 λου,
1047 2273 1109 2315 καὶ
1134 2265 1384 2325 Avus-ambi),
1412 2272 1498 2333 περὶ
1533 2271 1719 2333 βροντῶν·
1761 2270 1859 2318 inc.
1885 2274 2050 2317 Πολλῶν
2080 2273 2145 2316 καί
2182 2273 2278 2333 ὑπὲρ

928 2364 1096 2425 ἀριθμὸν
1114 2365 1230 2406 ὄντων
1246 2366 1318 2405 ὅσα
1336 2364 1416 2411 τοῖς
1434 2364 1605 2423 φυσικοῖς
1625 2364 1708 2424 περὶ
1725 2362 1898 2424 βροντῶν
1912 2362 2046 2406 ἐδόκει·
2066 2360 2165 2408 des.
2182 2366 2277 2424 ἀνὴρ

928 2451 1088 2499 δυνατὸς
1113 2451 1175 2494 καὶ
1209 2450 1333 2512 βαρὺς
1357 2453 1441 2500 τοῖς
1466 2456 1703 2512 πράγμασιν.
1747 2450 2021 2498 Invenitur
2056 2450 2106 2496 in
2130 2448 2274 2496 codd.

927 2536 1124 2584 duobus
1149 2535 1226 2599 1.)
1247 2537 1301 2584 in
1322 2542 1496 2584 nostro
1518 2537 1824 2601 Regio2581
1845 2575 1858 2602 ,
1882 2537 1967 2585 fol.
1991 2555 2053 2600 70
2073 2555 2278 2586 verso—

930 2643 985 2687 71
1016 2634 1156 2672 recto.
1183 2623 1245 2687 2.)
1264 2625 1319 2672 in
1340 2627 1530 2673 Veneto
1556 2642 1806 2688 eccxxw,
1832 2625 1917 2674 fol.
1941 2626 2036 2673 282
2054 2644 2193 2673 verso
2204 2652 2283 2661 -—--

930 2715 1023 2762 284
1043 2733 1184 2763 verso
1203 2736 1216 2758 :
1245 2732 1427 2764 verum
1448 2716 1520 2765 ibi
1543 2718 1694 2765 'titulo
1717 2718 1786 2765 ita
1810 2716 2029 2767 evanido
2046 2755 2058 2779 ‚
2084 2724 2140 2764 ut
2158 2734 2276 2764 con-

927 2801 1137 2851 fectores
1164 2804 1386 2869 Catalogi
1406 2806 1562 2855 Codd.
1587 2808 1746 2856 Graec.
1775 2807 2016 2857 Bibliolh.
2035 2811 2095 2857 D.
2114 2807 2276 2854 Marci
