2748 3834
803 510 885 543 nn
931 492 1171 543 souma
1218 507 1401 541 mmo.
1701 487 1776 552 lii5

391 605 408 618 “
423 612 597 656 mento
608 604 832 654 literario
853 605 981 666 ejus,
1006 602 1356 666 inchoatisque
1376 600 1775 663 commentariis,

424 694 516 758 qui
532 700 674 741 erant
688 672 869 757 magno
882 707 1121 752 numero,
1141 687 1319 738 infesta
1335 688 1559 754 posthaee
1573 687 1777 738 fortuna

424 780 552 844 fuit,
584 780 684 829 nisi
713 781 756 829 si
790 795 920 843 quos
939 764 1135 826 ⁴literati
1164 777 1268 827 viri
1289 777 1352 825 ab
1373 777 1585 825 interitu
1610 774 1776 825 vindi·

427 873 698 918 caverunt:
726 865 874 915 velut
891 865 1236 929 apographum
1253 864 1502 929 Epitomae
1534 862 1780 929 Lydianae

430 957 494 1007 ab
518 972 579 1003 eo
599 952 790 1002 factum
812 970 823 1000 :
849 952 989 1017 quod
1015 960 1064 1002 et
1090 952 1222 1002 vidit
1246 953 1425 1003 Romae
1449 953 1532 1004 vir
1553 951 1782 1001 eruditus

431 1042 679 1094 Nicolaus
703 1040 911 1103 Schow,
935 1048 984 1090 et
1003 1040 1066 1090 ad
1085 1040 1359 1091 editionem
1375 1040 1496 1091 libri
1513 1039 1576 1089 de
1596 1039 1786 1090 Mensi-

432 1133 530 1197 bus
552 1138 690 1181 recte
712 1130 964 1179 adhibuit.
1537 1124 1542 1130 ’

505 1308 718 1358 XXIV.
753 1309 876 1359 Fuit
909 1309 1061 1359 etiam
1091 1310 1182 1374 qui
1218 1309 1445 1358 animum
1480 1306 1544 1358 ad
1579 1305 1788 1374 Lydum
1859 1316 1980 1344 ¹¹¹*-

438 1396 724 1447 intenderet
755 1399 786 1447 J
789 1399 1010 1464 osephus
1053 1382 1115 1447 de
1154 1399 1184 1446 J
1189 1398 1306 1447 uliis
1321 1435 1335 1459 ,
1384 1399 1435 1447 in
1474 1395 1789 1446 Bibliotheca
1822 1369 1972 1449 '⁰⁸3⁹qu
1988 1366 2026 1397 d·

440 1483 692 1534 Vaticana
711 1494 759 1534 et
776 1487 830 1535 in
849 1486 1074 1551 Collegio
1094 1487 1289 1535 urbano
1308 1485 1369 1534 de
1383 1484 1792 1534 Christianorum

441 1572 769 1635 persuasione
818 1574 1140 1638 propaganda
1193 1574 1495 1622 G-raecarum·
1531 1572 1794 1626 literarum

442 1657 693 1722 interpres
714 1659 898 1709 :homo
919 1659 1098 1710 doctus
1113 1700 1127 1725 ,
1171 1664 1314 1727 cujus
1338 1669 1478 1710 extat
1505 1660 1676 1710 brevis
1695 1675 1797 1708 ma·

442 1743 693 1795 nuductio
721 1746 783 1795 ad
813 1747 1040 1812 linguam
1063 1733 1301 1813 graecami
1348 1750 1530 1797 Romae
1568 1748 1708 1798 1681.
1747 1747 1795 1795 8.

447 1831 528 1883 De
558 1832 660 1882 hoe
687 1834 757 1881 ita
777 1834 1007 1896 Raphael
1044 1823 1271 1884 Fabretti
1295 1836 1350 1883 in
1385 1836 1707 1900 syntagmate
1734 1833 1799 1883 de

444 1919 699 1968 Columna
744 1919 964 1982 Trajana
1013 1920 1196 1968 Romae
1248 1919 1394 1970 1685·
1444 1922 1555 1970 Fol.
1597 1940 1704 1987 cap.
1740 1937 1801 1972 vl

18 2050 86 2063 ἢ
299 2065 302 2067 q
445 2022 552 2072 pag.
574 2005 666 2054 155
694 2022 706 2053 ε
738 2020 767 2051 t<
801 2007 1069 2054 Rationem
1093 2023 1211 2054 vero
1234 2007 1391 2070 hujus
1408 2009 1535 2054 ritus
1561 2009 1804 2067 [circum-

445 2093 666 2144 ducendi
685 2094 838 2144 aratri
862 2094 926 2143 ‹in
953 2095 1169 2145 urbibus
1198 2086 1456 2161 auspicato
1489 2095 1802 2152 condendis]

444 2188 666 2250 primum
691 2187 801 2234 vidi
821 2188 963 2248 apud
983 2187 1230 2234 Joannem
1247 2187 1581 2234 Laurentium
1598 2188 1806 2251 Lydum

0 2316 28 2343 ,
449 2275 950 2337 Philadelphiensem
958 2311 979 2334 ,
1003 2292 1162 2339 nuper
1180 2276 1334 2323 Latio
1356 2277 1593 2323 donatum
1611 2276 1676 2323 ab
1699 2292 1806 2323 eru-

311 2354 315 2357 *
450 2365 701 2412 ditissimo
723 2366 885 2412 amico
902 2365 1122 2429 Josepho
1143 2366 1206 2412 de
1241 2365 1431 2424 Iuliis,
1468 2373 1516 2412 et
1534 2366 1762 2429 jamjam
1782 2381 1808 2412 e

451 2454 792 2517 manuscripto
815 2442 959 2517 apud
987 2455 1180 2517 ipsum,
1219 2454 1396 2501 mutilo
1416 2455 1684 2517 quamvis,
1717 2470 1807 2517 pu·

455 2541 638 2590 blicam
662 2542 820 2590 lucem
842 2544 1179 2606 inspecturum
1205 2561 1220 2586 .-
1244 2544 1408 2601 ratio,
1443 2544 1679 2605 inquam,
1702 2543 1810 2589 ἧστο

456 2637 530 2676 est
549 2632 674 2692 εμετά
694 2630 736 2676 δὲ
754 2634 822 2680 τὴν
844 2631 906 2677 ἐπὶ
923 2632 1232 2694 τῇάναγορεύσει
1249 2638 1317 2682 τῆς
1335 2632 1483 2685 πόλεως
1498 2632 1662 2686 τελετὴν,
1671 2628 1809 2683 ζεύξας

6 2786 9 2787 ⁷
453 2722 598 2782 ταῦρον
612 2721 710 2779 μετὰ
724 2719 927 2780 δαμάλεως
940 2721 1116 2783 περιῆλθε
1130 2721 1175 2766 τὸ
1193 2722 1340 2779 τεῖχος,
1356 2720 1423 2765 τὸν
1435 2720 1505 2779 μὲν
1514 2720 1659 2781 ἄρῥενα
1671 2719 1731 2763 ἐπὶ
1743 2721 1810 2765 τὴν

0 2815 7 2848 Ρ
454 2810 524 2851 τοῦ
539 2805 674 2853 πεδίου
692 2809 862 2870 πλευράν
888 2807 1051 2866 ζεύξας,
1084 2812 1149 2859 τὴν
1170 2808 1213 2854 δὲ
1233 2809 1395 2857 θήλειαν
1413 2808 1475 2853 ἐπὶ
1491 2808 1534 2852 τὸ
1559 2814 1626 2855 τῆς
1661 2805 1808 2852 πόλεως
