2748 3834
0 2106 29 2218 resq-z
0 2018 42 2049 ’7⁷
0 2006 1 2009 Α

649 555 1036 591 nnlrunmcu,
1069 552 1335 587 nonnus
1366 554 1476 587 mn.
1510 556 1544 588 1.
1720 538 1779 587 61

427 633 554 698 ginii
574 631 785 697 ejusque
808 628 923 677 filioe
945 628 1122 693 gratia,
1154 626 1344 692 quibus
1365 642 1534 692 nuper
1555 626 1791 676 vis‘illata

428 710 591 759 fuerat
610 728 621 757 ε
644 725 797 775 quam
816 706 1077 754 historiam
1095 705 1212 752 satis
1233 714 1404 752 notam
1423 720 1527 753 esse
1543 705 1788 755 existimo.

497 787 576 837 35.
612 788 928 853 Magistratus
945 783 1154 850 quidem
1173 782 1254 842 hi,
1279 783 1376 830 nisi
1396 784 1512 849 quis
1526 782 1792 850 pontifices

431 882 640 932 quoque
665 865 752 931 (id
779 874 876 923 est,
908 877 1135 910 summos
1166 860 1471 926 sacerdotes)
1504 871 1554 909 et
1582 861 1798 911 aedituos-

430 959 797 993 connumerare
830 938 1204 1006 magistratibus
1231 939 1353 988 velit
1383 951 1396 987 ἑ
1439 939 1623 988 horum
1650 941 1789 988 enim

430 1023 678 1071 sententia
698 1019 997 1084 judicioque
1020 1018 1150 1083 leges
1170 1016 1394 1066 ferebant
1411 1028 1622 1077 veteres,
1644 1027 1695 1066 et
1712 1034 1791 1066 res

427 1100 626 1150 venales
638 1097 1013 1147 constituebant
1024 1116 1037 1157 ;
1052 1097 1191 1145 unde
1201 1099 1493 1163 agoranomi
1509 1098 1791 1146 etiamnum

426 1176 591 1227 aediles
623 1187 896 1236 vocantur3
930 1186 1182 1242 quatenus
1215 1175 1401 1241 templa
1423 1177 1637 1224 Romani
1664 1175 1792 1225 oedes

425 1266 622 1305 vocant.
640 1259 755 1303 Post
771 1264 965 1303 exactos
979 1257 1121 1319 reges
1133 1263 1302 1301 autem
1319 1253 1651 1320 consulesque
1666 1269 1798 1302 crea-

428 1345 505 1383 tos
520 1333 729 1384 turbatae
744 1332 1033 1399 reipublicae
1044 1368 1057 1391 ,
1071 1323 1504 1397 quemadmodum
1522 1334 1792 1398 utriusque

427 1411 614 1479 linguae
631 1415 898 1478 scriptores
923 1410 1193 1470 tradidere,
1226 1410 1423 1459 tribuni
1444 1410 1683 1459 militares
1700 1426 1793 1476 per

428 1492 803 1556 quinquaginta
829 1488 930 1537 fere
950 1504 1112 1536 annos
1130 1487 1443 1554 praefuerunt
1469 1487 1679 1536 :deinde
1700 1504 1795 1553 per

429 1569 852 1633 quinquennium
888 1566 1136 1614 adflictata
1177 1576 1250 1613 est
1285 1566 1459 1613 civitas
1472 1600 1500 1624 ,,
1559 1564 1794 1631 principe

416 1662 623 1706 ‚carens3
642 1655 915 1712 posteaque
932 1655 1031 1695 tres
1045 1644 1347 1710 legislatores
1363 1660 1420 1692 ac
1430 1643 1626 1708 judices
1640 1638 1794 1691 creati

429 1734 577 1783 sunt,
613 1725 753 1789 iique
773 1760 786 1784 ,
826 1734 1037 1791 propter
1073 1723 1368 1792 domesticas
1401 1721 1640 1773 factiones
1665 1757 1680 1784 ‚
1728 1718 1802 1770 ad·

427 1800 578 1851 breve
598 1812 824 1869 tempus„
1195 1819 1199 1824 *

754 1974 901 2010 snm
930 1972 1150 2019 amno,
1186 1973 1467 2020 mcrnums

497 2105 577 2157 36.
611 2104 717 2155 Tali
749 2107 908 2172 igitur
936 2103 1090 2155 modo
1112 2082 1812 2172 perturbatisRomanorum³

379 2222 385 2228 -
427 2185 610 2247 rebus,
663 2184 970 2250 complacuit
987 2221 1007 2244 ,.
1051 2201 1208 2249 quem
1248 2184 1542 2234 dictatorem
1586 2198 1797 2247 vocant,

428 2265 586 2311 creari
604 2281 617 2322 3
647 2265 768 2328 quia
788 2279 894 2310 non
914 2262 1049 2309 bona
1070 2261 1354 2308 multorum
1373 2262 1668 2311 dominatio.
1695 2267 1811 2311 Du·-

426 2339 550 2407 plici
576 2342 747 2405 itaque
777 2355 899 2388 cura
932 2333 1276 2405 angebantur,
1306 2349 1356 2387 et
1390 2357 1567 2406 regum
1607 2358 1808 2390 nomen*

427 2428 741 2479 metuentes,
774 2435 840 2466 ne
862 2419 1110 2484 opinione
1136 2418 1290 2466 citius
1322 2428 1411 2466 aut
1443 2420 1496 2466 in
1526 2419 1812 2467 concordes:

427 2498 731 2562 Tarquinios
765 2497 952 2544 iterum
988 2496 1295 2556 inciderent,
1331 2507 1420 2544 aut
1449 2514 1477 2544 a
1501 2497 1677 2545 multis
1705 2511 1797 2545 nec

429 2573 767 2623 concordibus
787 2573 1163 2640 magistratibus
1188 2574 1596 2623 dilacerarentur.
1630 2578 1797 2636 Quare

428 2651 595 2699 visum
626 2653 714 2711 iis,
745 2662 805 2700 ut
822 2652 1074 2713 diximus,
1101 2653 1394 2702 dictatorem
1415 2654 1498 2719 (id
1519 2665 1617 2714 est,
1643 2656 1794 2702 inter-

429 2733 633 2792 regem)
656 2745 844 2791 creare,
877 2720 1024 2795 cujus
1042 2731 1314 2798 imperium
1335 2749 1419 2780 sex
1437 2740 1793 2780 tantummen·

434 2805 574 2855 sibus
597 2807 1109 2858 circumscriberetur.
1135 2813 1300 2874 Atque
1329 2810 1425 2858 hoc
1450 2810 1560 2859 loco
1587 2826 1792 2858 consen·

434 2895 641 2934 taneum
668 2884 798 2935 mihi
833 2886 1058 2950 videtur,
1105 2888 1284 2937 Graecis
1315 2882 1570 2937 dictatoris
1603 2900 1794 2934 nomenv
