<?xml version="1.0" encoding="UTF-8"?>
<!DOCTYPE html PUBLIC "-//W3C//DTD XHTML 1.0 Transitional//EN"
    "http://www.w3.org/TR/xhtml1/DTD/xhtml1-transitional.dtd">
<html xmlns="http://www.w3.org/1999/xhtml" xml:lang="en" lang="en">
 <head>
  <title>
</title>
<meta http-equiv="Content-Type" content="text/html;charset=utf-8" />
  <meta name='ocr-system' content='tesseract 3.04.00' />
  <meta name='ocr-capabilities' content='ocr_page ocr_carea ocr_par ocr_line ocrx_word'/>
</head>
<body>
  <div class='ocr_page' id='page_1' title='image "./demagistratibusr00lyduuoft_0176.png"; bbox 0 0 2748 3834; ppageno 0'>
   <div class='ocr_carea' id='block_1_1' title="bbox 908 450 2285 1222">
    <p class='ocr_par' dir='ltr' id='par_1_1' title="bbox 920 450 1993 523">
     <span class='ocr_line' id='line_1_1' title="bbox 920 450 1993 523; baseline -0.002 -21"><span class='ocrx_word' id='word_1_1' title='bbox 920 461 982 523; x_wconf 75' lang='lat'><strong><em>74</em></strong></span> <span class='ocrx_word' id='word_1_2' title='bbox 1216 473 1352 503; x_wconf 66' lang='lat' dir='ltr'><strong><em>nrm</em></strong></span> <span class='ocrx_word' id='word_1_3' title='bbox 1386 470 1462 500; x_wconf 68' lang='lat' dir='ltr'><strong><em>nr:</em></strong></span> <span class='ocrx_word' id='word_1_4' title='bbox 1496 450 1993 500; x_wconf 57' lang='lat' dir='ltr'><strong>MAmsnzATrnus&#39;</strong></span> 
     </span>
    </p>

    <p class='ocr_par' dir='ltr' id='par_1_2' title="bbox 908 540 2285 1222">
     <span class='ocr_line' id='line_1_2' title="bbox 986 540 2277 606; baseline -0.002 -16"><span class='ocrx_word' id='word_1_5' title='bbox 986 543 1064 602; x_wconf 76' lang='lat'><strong><em>43.</em></strong></span> <span class='ocrx_word' id='word_1_6' title='bbox 1100 545 1236 605; x_wconf 85' lang='grc' dir='ltr'><strong><em>Βαρεῖς</em></strong></span> <span class='ocrx_word' id='word_1_7' title='bbox 1257 542 1301 586; x_wconf 87' lang='grc' dir='ltr'><strong><em>δέ</em></strong></span> <span class='ocrx_word' id='word_1_8' title='bbox 1329 559 1426 591; x_wconf 88' lang='grc' dir='ltr'><strong><em>τινες</em></strong></span> <span class='ocrx_word' id='word_1_9' title='bbox 1455 542 1520 584; x_wconf 85' lang='grc' dir='ltr'><strong><em>καὶ</em></strong></span> <span class='ocrx_word' id='word_1_10' title='bbox 1545 540 1714 590; x_wconf 74' lang='grc' dir='ltr'><strong><em>ἀναιδεῖς</em></strong></span> <span class='ocrx_word' id='word_1_11' title='bbox 1738 543 1931 602; x_wconf 75' lang='grc' dir='ltr'><strong><em>ἀςεμφεῒς</em></strong></span> <span class='ocrx_word' id='word_1_12' title='bbox 1956 557 2005 586; x_wconf 73' lang='grc' dir='ltr'><strong><em>τε</em></strong></span> <span class='ocrx_word' id='word_1_13' title='bbox 2025 543 2091 587; x_wconf 72' lang='grc' dir='ltr'><strong><em>κατ’.</em></strong></span> <span class='ocrx_word' id='word_1_14' title='bbox 2118 545 2277 606; x_wconf 60' lang='lat' dir='ltr'><strong><em>:neapol</em></strong></span> 
     </span>
     <span class='ocr_line' id='line_1_3' title="bbox 917 616 2285 692; baseline -0.006 -24"><span class='ocrx_word' id='word_1_15' title='bbox 917 627 982 669; x_wconf 84' lang='grc' dir='ltr'><strong><em>τὸν</em></strong></span> <span class='ocrx_word' id='word_1_16' title='bbox 1009 623 1151 680; x_wconf 84' lang='grc' dir='ltr'>τρόπον</span> <span class='ocrx_word' id='word_1_17' title='bbox 1185 620 1220 662; x_wconf 83' lang='grc' dir='ltr'><strong><em>οἱ</em></strong></span> <span class='ocrx_word' id='word_1_18' title='bbox 1249 623 1443 677; x_wconf 74' lang='grc' dir='ltr'><strong><em>κήνσωρες</em></strong></span> <span class='ocrx_word' id='word_1_19' title='bbox 1472 617 1552 665; x_wconf 81' lang='grc' dir='ltr'><strong><em>τοῖς</em></strong></span> <span class='ocrx_word' id='word_1_20' title='bbox 1583 618 1751 666; x_wconf 84' lang='grc' dir='ltr'><strong><em>ἀσώτοις</em></strong></span> <span class='ocrx_word' id='word_1_21' title='bbox 1782 616 2018 692; x_wconf 69' lang='grc' dir='ltr'><strong><em>ἐτύγχανον,</em></strong></span> <span class='ocrx_word' id='word_1_22' title='bbox 2048 621 2101 677; x_wconf 75' lang='grc' dir='ltr'><strong><em>μὴ</em></strong></span> <span class='ocrx_word' id='word_1_23' title='bbox 2129 620 2285 679; x_wconf 58' lang='grc' dir='ltr'><strong><em>τύχης,</em></strong></span> 
     </span>
     <span class='ocr_line' id='line_1_4' title="bbox 914 691 2278 757; baseline 0.004 -19"><span class='ocrx_word' id='word_1_24' title='bbox 914 701 967 757; x_wconf 78' lang='grc' dir='ltr'><strong><em>μὴ</em></strong></span> <span class='ocrx_word' id='word_1_25' title='bbox 997 695 1217 753; x_wconf 78' lang='grc' dir='ltr'><strong><em>ἀξιώματος</em></strong></span> <span class='ocrx_word' id='word_1_26' title='bbox 1240 691 1514 755; x_wconf 84' lang='grc' dir='ltr'><strong><em>ἐξαιρουμένου</em></strong></span> <span class='ocrx_word' id='word_1_27' title='bbox 1544 693 1612 737; x_wconf 82' lang='grc' dir='ltr'><strong><em>τὸν</em></strong></span> <span class='ocrx_word' id='word_1_28' title='bbox 1642 692 1777 738; x_wconf 83' lang='grc' dir='ltr'><strong><em>αἴτιον.</em></strong></span> <span class='ocrx_word' id='word_1_29' title='bbox 1810 696 1885 739; x_wconf 85' lang='grc' dir='ltr'><strong><em>Οτι</em></strong></span> <span class='ocrx_word' id='word_1_30' title='bbox 1908 693 1951 739; x_wconf 87' lang='grc' dir='ltr'><strong><em>δὲ</em></strong></span> <span class='ocrx_word' id='word_1_31' title='bbox 1980 695 2102 746; x_wconf 83' lang='grc' dir='ltr'><strong><em>ἀληθῆ</em></strong></span> <span class='ocrx_word' id='word_1_32' title='bbox 2129 701 2278 753; x_wconf 81' lang='grc' dir='ltr'><strong><em>ταῦτα,</em></strong></span> 
     </span>
     <span class='ocr_line' id='line_1_5' title="bbox 912 757 2277 834; baseline 0.002 -18"><span class='ocrx_word' id='word_1_33' title='bbox 912 777 1062 834; x_wconf 87' lang='grc' dir='ltr'><strong><em>μάρτυς</em></strong></span> <span class='ocrx_word' id='word_1_34' title='bbox 1088 773 1113 819; x_wconf 84' lang='grc' dir='ltr'>ἡ</span> <span class='ocrx_word' id='word_1_35' title='bbox 1145 771 1292 832; x_wconf 78' lang='grc' dir='ltr'><strong><em>ἱςορία·</em></strong></span> <span class='ocrx_word' id='word_1_36' title='bbox 1326 770 1429 830; x_wconf 86' lang='grc' dir='ltr'><strong><em>λέγει</em></strong></span> <span class='ocrx_word' id='word_1_37' title='bbox 1457 768 1500 814; x_wconf 86' lang='grc' dir='ltr'><strong><em>δὲ</em></strong></span> <span class='ocrx_word' id='word_1_38' title='bbox 1530 772 1670 821; x_wconf 85' lang='grc' dir='ltr'><strong><em>οὕτως·</em></strong></span> <span class='ocrx_word' id='word_1_39' title='bbox 1705 776 1860 833; x_wconf 85' lang='grc' dir='ltr'><strong><em>πρῶτος</em></strong></span> <span class='ocrx_word' id='word_1_40' title='bbox 1891 757 2046 822; x_wconf 78' lang='grc' dir='ltr'><strong><em>Ᾰππιος</em></strong></span> <span class='ocrx_word' id='word_1_41' title='bbox 2076 772 2277 825; x_wconf 73' lang='grc' dir='ltr'><strong><em>Κλαύδιος</em></strong></span> 
     </span>
     <span class='ocr_line' id='line_1_6' title="bbox 911 836 2277 914; baseline 0.002 -21"><span class='ocrx_word' id='word_1_42' title='bbox 911 855 1062 911; x_wconf 84' lang='grc' dir='ltr'><strong><em>κήνσωρ</em></strong></span> <span class='ocrx_word' id='word_1_43' title='bbox 1094 848 1326 912; x_wconf 70' lang='grc' dir='ltr'><strong><em>προεὸλήθη.</em></strong></span> <span class='ocrx_word' id='word_1_44' title='bbox 1351 836 1464 910; x_wconf 80' lang='grc' dir='ltr'><strong><em>Ᾱρχή</em></strong></span> <span class='ocrx_word' id='word_1_45' title='bbox 1493 846 1535 893; x_wconf 86' lang='grc' dir='ltr'><strong><em>δὲ</em></strong></span> <span class='ocrx_word' id='word_1_46' title='bbox 1561 847 1607 897; x_wconf 78' lang='grc' dir='ltr'><strong><em>ἦν</em></strong></span> <span class='ocrx_word' id='word_1_47' title='bbox 1636 849 1733 900; x_wconf 83' lang='grc' dir='ltr'><strong><em>αὕτη</em></strong></span> <span class='ocrx_word' id='word_1_48' title='bbox 1755 851 1832 895; x_wconf 85' lang='grc' dir='ltr'><strong><em>τῶν</em></strong></span> <span class='ocrx_word' id='word_1_49' title='bbox 1857 851 2047 911; x_wconf 74' lang='grc' dir='ltr'><strong><em>μεγίςων·</em></strong></span> <span class='ocrx_word' id='word_1_50' title='bbox 2074 851 2139 896; x_wconf 80' lang='grc' dir='ltr'><strong><em>καὶ</em></strong></span> <span class='ocrx_word' id='word_1_51' title='bbox 2162 854 2277 914; x_wconf 78' lang='grc' dir='ltr'><strong><em>ἔργον</em></strong></span> 
     </span>
     <span class='ocr_line' id='line_1_7' title="bbox 910 923 2277 992; baseline 0.001 -21"><span class='ocrx_word' id='word_1_52' title='bbox 910 925 955 976; x_wconf 76' lang='grc' dir='ltr'><strong><em>ἧν</em></strong></span> <span class='ocrx_word' id='word_1_53' title='bbox 977 927 1110 977; x_wconf 77' lang='grc' dir='ltr'><strong><em>αὐτοῖς</em></strong></span> <span class='ocrx_word' id='word_1_54' title='bbox 1134 926 1226 991; x_wconf 85' lang='grc' dir='ltr'><strong><em>τοὺς</em></strong></span> <span class='ocrx_word' id='word_1_55' title='bbox 1253 923 1329 971; x_wconf 85' lang='grc' dir='ltr'><strong><em>τῶν</em></strong></span> <span class='ocrx_word' id='word_1_56' title='bbox 1359 925 1527 971; x_wconf 83' lang='grc' dir='ltr'><strong><em>πολιτῶν</em></strong></span> <span class='ocrx_word' id='word_1_57' title='bbox 1548 924 1820 989; x_wconf 75' lang='grc' dir='ltr'><strong><em>διερευνᾶσθαί</em></strong></span> <span class='ocrx_word' id='word_1_58' title='bbox 1833 945 1874 973; x_wconf 90' lang='grc' dir='ltr'><strong><em>τε</em></strong></span> <span class='ocrx_word' id='word_1_59' title='bbox 1895 927 1960 973; x_wconf 88' lang='grc' dir='ltr'><strong><em>καὶ</em></strong></span> <span class='ocrx_word' id='word_1_60' title='bbox 1982 929 2119 992; x_wconf 85' lang='grc' dir='ltr'><strong><em>κρίνειν</em></strong></span> <span class='ocrx_word' id='word_1_61' title='bbox 2141 927 2254 986; x_wconf 86' lang='grc' dir='ltr'><strong><em>βίους</em></strong></span> <span class='ocrx_word' id='word_1_62' title='bbox 2261 961 2277 985; x_wconf 83' lang='grc'><strong><em>,</em></strong></span> 
     </span>
     <span class='ocr_line' id='line_1_8' title="bbox 908 1005 2277 1068; baseline 0.001 -18"><span class='ocrx_word' id='word_1_63' title='bbox 908 1006 1093 1067; x_wconf 81' lang='grc' dir='ltr'><strong><em>τιμωρίαις</em></strong></span> <span class='ocrx_word' id='word_1_64' title='bbox 1115 1022 1156 1050; x_wconf 91' lang='grc' dir='ltr'><strong><em>τε</em></strong></span> <span class='ocrx_word' id='word_1_65' title='bbox 1183 1005 1341 1064; x_wconf 76' lang='grc' dir='ltr'><strong><em>ἐπάγειν</em></strong></span> <span class='ocrx_word' id='word_1_66' title='bbox 1366 1006 1448 1055; x_wconf 87' lang='grc' dir='ltr'><strong><em>τοῖς</em></strong></span> <span class='ocrx_word' id='word_1_67' title='bbox 1476 1006 1749 1068; x_wconf 75' lang='grc' dir='ltr'><strong><em>ἁμαρτάνουσι</em></strong></span> <span class='ocrx_word' id='word_1_68' title='bbox 1773 1008 1875 1052; x_wconf 75' lang='grc' dir='ltr'><strong><em>κατὰ</em></strong></span> <span class='ocrx_word' id='word_1_69' title='bbox 1900 1009 2030 1058; x_wconf 88' lang='grc' dir='ltr'><strong><em>πάσης</em></strong></span> <span class='ocrx_word' id='word_1_70' title='bbox 2052 1005 2277 1058; x_wconf 80' lang='grc' dir='ltr'><strong><em>δυνας-είας·</em></strong></span> 
     </span>
     <span class='ocr_line' id='line_1_9' title="bbox 909 1079 2279 1146; baseline 0.003 -21"><span class='ocrx_word' id='word_1_71' title='bbox 909 1083 974 1126; x_wconf 86' lang='grc' dir='ltr'><strong><em>καὶ</em></strong></span> <span class='ocrx_word' id='word_1_72' title='bbox 1003 1081 1129 1131; x_wconf 76' lang='grc' dir='ltr'><strong><em>οὐδεὶς</em></strong></span> <span class='ocrx_word' id='word_1_73' title='bbox 1151 1080 1198 1130; x_wconf 81' lang='grc' dir='ltr'><strong><em>ἦν</em></strong></span> <span class='ocrx_word' id='word_1_74' title='bbox 1215 1079 1291 1133; x_wconf 85' lang='grc' dir='ltr'><strong><em>ἔξω</em></strong></span> <span class='ocrx_word' id='word_1_75' title='bbox 1315 1089 1383 1132; x_wconf 85' lang='grc' dir='ltr'><strong><em>τῆς</em></strong></span> <span class='ocrx_word' id='word_1_76' title='bbox 1409 1087 1480 1128; x_wconf 86' lang='grc' dir='ltr'><strong><em>τοῦ</em></strong></span> <span class='ocrx_word' id='word_1_77' title='bbox 1500 1087 1701 1146; x_wconf 84' lang='grc' dir='ltr'><strong><em>κήνσωρος</em></strong></span> <span class='ocrx_word' id='word_1_78' title='bbox 1728 1080 1921 1136; x_wconf 74' lang='grc' dir='ltr'><strong><em>ἐξουσίαις.</em></strong></span> <span class='ocrx_word' id='word_1_79' title='bbox 1951 1084 2094 1145; x_wconf 83' lang='grc' dir='ltr'><strong><em>Κύριοι</em></strong></span> <span class='ocrx_word' id='word_1_80' title='bbox 2112 1082 2154 1128; x_wconf 87' lang='grc' dir='ltr'><strong><em>δὲ</em></strong></span> <span class='ocrx_word' id='word_1_81' title='bbox 2176 1082 2279 1133; x_wconf 75' lang='grc' dir='ltr'><strong><em>ἦσαν</em></strong></span> 
     </span>
     <span class='ocr_line' id='line_1_10' title="bbox 910 1158 2101 1222; baseline 0.003 -20"><span class='ocrx_word' id='word_1_82' title='bbox 910 1160 944 1202; x_wconf 84' lang='grc' dir='ltr'><strong><em>οἱ</em></strong></span> <span class='ocrx_word' id='word_1_83' title='bbox 972 1164 1168 1221; x_wconf 81' lang='grc' dir='ltr'><strong><em>κήνσωρες</em></strong></span> <span class='ocrx_word' id='word_1_84' title='bbox 1196 1158 1261 1204; x_wconf 85' lang='grc' dir='ltr'><strong><em>καὶ</em></strong></span> <span class='ocrx_word' id='word_1_85' title='bbox 1285 1161 1413 1222; x_wconf 77' lang='grc' dir='ltr'><strong><em>ἔργοις</em></strong></span> <span class='ocrx_word' id='word_1_86' title='bbox 1435 1163 1577 1211; x_wconf 79' lang='grc' dir='ltr'><strong><em>κοινοῖς</em></strong></span> <span class='ocrx_word' id='word_1_87' title='bbox 1601 1164 1859 1222; x_wconf 80' lang='grc' dir='ltr'><strong><em>κατακοσμεῖν</em></strong></span> <span class='ocrx_word' id='word_1_88' title='bbox 1879 1163 1950 1210; x_wconf 79' lang='grc' dir='ltr'><strong><em>τὴν</em></strong></span> <span class='ocrx_word' id='word_1_89' title='bbox 1974 1161 2101 1207; x_wconf 86' lang='grc' dir='ltr'><strong><em>πόλιν.</em></strong></span> 
     </span>
    </p>
   </div>
   <div class='ocr_carea' id='block_1_2' title="bbox 1439 1319 1750 1365">
    <p class='ocr_par' dir='ltr' id='par_1_3' title="bbox 1439 1319 1750 1365">
     <span class='ocr_line' id='line_1_11' title="bbox 1439 1319 1750 1365; baseline 0 -2"><span class='ocrx_word' id='word_1_90' title='bbox 1439 1319 1750 1365; x_wconf 72' lang='lat' dir='ltr'><strong>AnuArxiA.</strong></span> 
     </span>
    </p>
   </div>
   <div class='ocr_carea' id='block_1_3' title="bbox 902 1466 2279 2451">
    <p class='ocr_par' dir='ltr' id='par_1_4' title="bbox 902 1466 2279 2451">
     <span class='ocr_line' id='line_1_12' title="bbox 922 1466 2276 1534; baseline -0.001 -20"><span class='ocrx_word' id='word_1_91' title='bbox 922 1527 924 1529; x_wconf 17' lang='lat' dir='ltr'>v</span> <span class='ocrx_word' id='word_1_92' title='bbox 975 1466 1053 1524; x_wconf 74' lang='grc'><strong><em>44.</em></strong></span> <span class='ocrx_word' id='word_1_93' title='bbox 1090 1471 1231 1521; x_wconf 84' lang='grc' dir='ltr'><strong><em>Οὕτως</em></strong></span> <span class='ocrx_word' id='word_1_94' title='bbox 1271 1467 1341 1516; x_wconf 81' lang='grc' dir='ltr'><strong><em>οὖν</em></strong></span> <span class='ocrx_word' id='word_1_95' title='bbox 1376 1478 1454 1518; x_wconf 89' lang='grc' dir='ltr'><strong><em>τῶν</em></strong></span> <span class='ocrx_word' id='word_1_96' title='bbox 1489 1476 1654 1532; x_wconf 83' lang='grc' dir='ltr'><strong><em>τιμητῶν</em></strong></span> <span class='ocrx_word' id='word_1_97' title='bbox 1683 1472 1993 1534; x_wconf 60' lang='grc' dir='ltr'><strong><em>ἐπιταραττόντων</em></strong></span> <span class='ocrx_word' id='word_1_98' title='bbox 2033 1470 2129 1520; x_wconf 84' lang='grc' dir='ltr'><strong><em>τοὺς</em></strong></span> <span class='ocrx_word' id='word_1_99' title='bbox 2170 1470 2276 1522; x_wconf 76' lang='grc' dir='ltr'><strong><em>ὑπη-</em></strong></span> 
     </span>
     <span class='ocr_line' id='line_1_13' title="bbox 904 1548 2276 1615; baseline 0.001 -23"><span class='ocrx_word' id='word_1_100' title='bbox 904 1551 1044 1605; x_wconf 85' lang='grc' dir='ltr'><strong><em>κόους,</em></strong></span> <span class='ocrx_word' id='word_1_101' title='bbox 1072 1549 1136 1594; x_wconf 86' lang='grc' dir='ltr'><strong><em>καὶ</em></strong></span> <span class='ocrx_word' id='word_1_102' title='bbox 1153 1554 1380 1615; x_wconf 85' lang='grc' dir='ltr'><strong><em>πικρότερον</em></strong></span> <span class='ocrx_word' id='word_1_103' title='bbox 1403 1549 1628 1605; x_wconf 83' lang='grc' dir='ltr'><strong><em>ἐπεξιόντων</em></strong></span> <span class='ocrx_word' id='word_1_104' title='bbox 1651 1554 1732 1602; x_wconf 81' lang='grc' dir='ltr'><strong><em>τοῖς</em></strong></span> <span class='ocrx_word' id='word_1_105' title='bbox 1754 1551 1956 1607; x_wconf 81' lang='grc' dir='ltr'><strong><em>πολίταις,</em></strong></span> <span class='ocrx_word' id='word_1_106' title='bbox 1981 1549 2046 1594; x_wconf 88' lang='grc' dir='ltr'><strong><em>καὶ</em></strong></span> <span class='ocrx_word' id='word_1_107' title='bbox 2075 1548 2276 1612; x_wconf 83' lang='grc' dir='ltr'><strong><em>διαφερόν-</em></strong></span> 
     </span>
     <span class='ocr_line' id='line_1_14' title="bbox 904 1625 2279 1690; baseline -0.001 -18"><span class='ocrx_word' id='word_1_108' title='bbox 904 1643 981 1677; x_wconf 90' lang='grc' dir='ltr'><strong><em>τως</em></strong></span> <span class='ocrx_word' id='word_1_109' title='bbox 1003 1625 1271 1679; x_wconf 76' lang='grc' dir='ltr'><strong><em>ἀδυσωπήτως</em></strong></span> <span class='ocrx_word' id='word_1_110' title='bbox 1289 1627 1536 1690; x_wconf 81' lang='grc' dir='ltr'><strong><em>διακειμένων</em></strong></span> <span class='ocrx_word' id='word_1_111' title='bbox 1556 1632 1633 1674; x_wconf 84' lang='grc' dir='ltr'><strong><em>τῶν</em></strong></span> <span class='ocrx_word' id='word_1_112' title='bbox 1655 1626 1846 1680; x_wconf 79' lang='grc' dir='ltr'><strong><em>δανεις-ῶν</em></strong></span> <span class='ocrx_word' id='word_1_113' title='bbox 1864 1628 1951 1690; x_wconf 80' lang='grc' dir='ltr'><strong><em>περὶ</em></strong></span> <span class='ocrx_word' id='word_1_114' title='bbox 1971 1625 2063 1678; x_wconf 86' lang='grc' dir='ltr'><strong><em>τοὺς</em></strong></span> <span class='ocrx_word' id='word_1_115' title='bbox 2089 1632 2246 1688; x_wconf 81' lang='grc' dir='ltr'><strong><em>χρήςας</em></strong></span> <span class='ocrx_word' id='word_1_116' title='bbox 2259 1659 2279 1682; x_wconf 75' lang='grc'><em>,</em></span> 
     </span>
     <span class='ocr_line' id='line_1_15' title="bbox 904 1700 2276 1769; baseline 0.001 -23"><span class='ocrx_word' id='word_1_117' title='bbox 904 1702 1188 1766; x_wconf 82' lang='grc' dir='ltr'><strong><em>ἐχειροτόνησεν</em></strong></span> <span class='ocrx_word' id='word_1_118' title='bbox 1212 1707 1232 1750; x_wconf 87' lang='grc' dir='ltr'><strong><em>ὁ</em></strong></span> <span class='ocrx_word' id='word_1_119' title='bbox 1256 1700 1380 1767; x_wconf 69' lang='grc' dir='ltr'><strong><em>δῆμος</em></strong></span> <span class='ocrx_word' id='word_1_120' title='bbox 1408 1706 1479 1752; x_wconf 64' lang='lat' dir='ltr'><strong><em>cmo</em></strong></span> <span class='ocrx_word' id='word_1_121' title='bbox 1512 1704 1741 1769; x_wconf 53' lang='grc' dir='ltr'><strong><em>δημάρχους</em></strong></span> <span class='ocrx_word' id='word_1_122' title='bbox 1769 1706 1919 1768; x_wconf 86' lang='grc' dir='ltr'><strong><em>ἑαυτῷ,</em></strong></span> <span class='ocrx_word' id='word_1_123' title='bbox 1946 1707 2073 1750; x_wconf 81' lang='grc' dir='ltr'><strong><em>Γάϊον</em></strong></span> <span class='ocrx_word' id='word_1_124' title='bbox 2099 1703 2276 1760; x_wconf 76' lang='grc' dir='ltr'><strong><em>Λικίνιον</em></strong></span> 
     </span>
     <span class='ocr_line' id='line_1_16' title="bbox 904 1772 2274 1846; baseline 0.001 -23"><span class='ocrx_word' id='word_1_125' title='bbox 904 1780 966 1824; x_wconf 82' lang='grc' dir='ltr'><strong><em>καὶ</em></strong></span> <span class='ocrx_word' id='word_1_126' title='bbox 985 1782 1172 1831; x_wconf 88' lang='grc' dir='ltr'><strong><em>ΙΛούκιον</em></strong></span> <span class='ocrx_word' id='word_1_127' title='bbox 1203 1772 1394 1842; x_wconf 70' lang='grc' dir='ltr'><strong><em>Ᾱλὸίνον,</em></strong></span> <span class='ocrx_word' id='word_1_128' title='bbox 1416 1783 1682 1835; x_wconf 85' lang='grc' dir='ltr'><strong><em>διαιτήσοντας</em></strong></span> <span class='ocrx_word' id='word_1_129' title='bbox 1706 1790 1762 1846; x_wconf 86' lang='grc' dir='ltr'><strong><em>τῷ</em></strong></span> <span class='ocrx_word' id='word_1_130' title='bbox 1782 1785 1915 1834; x_wconf 80' lang='grc' dir='ltr'><strong><em>πλήθει</em></strong></span> <span class='ocrx_word' id='word_1_131' title='bbox 1939 1783 2005 1828; x_wconf 83' lang='grc' dir='ltr'><strong><em>καὶ</em></strong></span> <span class='ocrx_word' id='word_1_132' title='bbox 2031 1784 2100 1831; x_wconf 80' lang='grc' dir='ltr'><strong><em>τὴν</em></strong></span> <span class='ocrx_word' id='word_1_133' title='bbox 2124 1782 2274 1844; x_wconf 79' lang='grc' dir='ltr'><strong><em>ἀγορὰν</em></strong></span> 
     </span>
     <span class='ocr_line' id='line_1_17' title="bbox 906 1858 2272 1925; baseline 0.001 -23"><span class='ocrx_word' id='word_1_134' title='bbox 906 1858 1188 1919; x_wconf 81' lang='grc' dir='ltr'><strong><em>ἐποψομένους.</em></strong></span> <span class='ocrx_word' id='word_1_135' title='bbox 1219 1861 1342 1909; x_wconf 77' lang='grc' dir='ltr'><strong><em>Αὐτοὶ</em></strong></span> <span class='ocrx_word' id='word_1_136' title='bbox 1378 1863 1421 1908; x_wconf 87' lang='grc' dir='ltr'><strong><em>δὲ</em></strong></span> <span class='ocrx_word' id='word_1_137' title='bbox 1461 1864 1497 1908; x_wconf 88' lang='grc' dir='ltr'><strong><em>οἱ</em></strong></span> <span class='ocrx_word' id='word_1_138' title='bbox 1533 1862 1728 1925; x_wconf 85' lang='grc' dir='ltr'><strong><em>δήμαρχοι</em></strong></span> <span class='ocrx_word' id='word_1_139' title='bbox 1762 1863 1959 1925; x_wconf 86' lang='grc' dir='ltr'><strong><em>μαχαίρας</em></strong></span> <span class='ocrx_word' id='word_1_140' title='bbox 1992 1860 2242 1914; x_wconf 80' lang='grc' dir='ltr'><strong><em>διεζώννυντο</em></strong></span> <span class='ocrx_word' id='word_1_141' title='bbox 2255 1892 2272 1915; x_wconf 88' lang='lat'><em>,</em></span> 
     </span>
     <span class='ocr_line' id='line_1_18' title="bbox 903 1934 2274 2001; baseline 0.001 -21"><span class='ocrx_word' id='word_1_142' title='bbox 903 1934 1112 1995; x_wconf 84' lang='grc' dir='ltr'><strong><em>δημοσίους</em></strong></span> <span class='ocrx_word' id='word_1_143' title='bbox 1140 1939 1182 1983; x_wconf 87' lang='grc' dir='ltr'><strong><em>δὲ</em></strong></span> <span class='ocrx_word' id='word_1_144' title='bbox 1208 1941 1355 1991; x_wconf 80' lang='grc' dir='ltr'><strong><em>οἰκέτας</em></strong></span> <span class='ocrx_word' id='word_1_145' title='bbox 1385 1941 1485 2001; x_wconf 84' lang='grc' dir='ltr'><strong><em>πρὸς</em></strong></span> <span class='ocrx_word' id='word_1_146' title='bbox 1508 1941 1720 2000; x_wconf 75' lang='grc' dir='ltr'><strong><em>ὑπηρεσίαν</em></strong></span> <span class='ocrx_word' id='word_1_147' title='bbox 1749 1941 1852 1997; x_wconf 78' lang='grc' dir='ltr'><strong><em>εἶχον</em></strong></span> <span class='ocrx_word' id='word_1_148' title='bbox 1859 1975 1875 1994; x_wconf 83' lang='grc'>,</span> <span class='ocrx_word' id='word_1_149' title='bbox 1897 1938 1966 1990; x_wconf 72' lang='grc' dir='ltr'><strong><em>οὓς</em></strong></span> <span class='ocrx_word' id='word_1_150' title='bbox 1997 1939 2160 1982; x_wconf 76' lang='grc' dir='ltr'><strong><em>ἐκάλουν</em></strong></span> <span class='ocrx_word' id='word_1_151' title='bbox 2181 1937 2274 1996; x_wconf 84' lang='grc' dir='ltr'><strong><em>βερ-</em></strong></span> 
     </span>
     <span class='ocr_line' id='line_1_19' title="bbox 903 2003 2275 2073; baseline 0.001 -18"><span class='ocrx_word' id='word_1_152' title='bbox 903 2013 1068 2061; x_wconf 85' lang='grc' dir='ltr'><strong><em>νάκλους</em></strong></span> <span class='ocrx_word' id='word_1_153' title='bbox 1097 2011 1306 2072; x_wconf 83' lang='grc' dir='ltr'><strong><em>(σημαίνει</em></strong></span> <span class='ocrx_word' id='word_1_154' title='bbox 1335 2013 1378 2054; x_wconf 87' lang='grc' dir='ltr'><strong><em>δὲ</em></strong></span> <span class='ocrx_word' id='word_1_155' title='bbox 1409 2014 1583 2070; x_wconf 79' lang='grc' dir='ltr'><strong><em>τοῦνομα</em></strong></span> <span class='ocrx_word' id='word_1_156' title='bbox 1614 2010 1706 2059; x_wconf 87' lang='grc' dir='ltr'><strong><em>τοὺς</em></strong></span> <span class='ocrx_word' id='word_1_157' title='bbox 1739 2012 1940 2070; x_wconf 76' lang='grc' dir='ltr'><strong><em>οἰκογενεῖς</em></strong></span> <span class='ocrx_word' id='word_1_158' title='bbox 1971 2007 2164 2071; x_wconf 85' lang='grc' dir='ltr'><strong><em>οἰκέτας).</em></strong></span> <span class='ocrx_word' id='word_1_159' title='bbox 2192 2003 2275 2073; x_wconf 68' lang='grc' dir='ltr'><strong><em>Ἐφ’</em></strong></span> 
     </span>
     <span class='ocr_line' id='line_1_20' title="bbox 903 2084 2270 2150; baseline 0.001 -19"><span class='ocrx_word' id='word_1_160' title='bbox 903 2084 956 2131; x_wconf 77' lang='grc' dir='ltr'><strong><em>ὧν</em></strong></span> <span class='ocrx_word' id='word_1_161' title='bbox 987 2088 1032 2133; x_wconf 84' lang='grc' dir='ltr'><strong><em>τὸ</em></strong></span> <span class='ocrx_word' id='word_1_162' title='bbox 1071 2089 1224 2150; x_wconf 79' lang='grc' dir='ltr'><strong><em>μέτριον</em></strong></span> <span class='ocrx_word' id='word_1_163' title='bbox 1260 2088 1281 2132; x_wconf 84' lang='grc' dir='ltr'><em>ὃ</em></span> <span class='ocrx_word' id='word_1_164' title='bbox 1316 2085 1440 2148; x_wconf 86' lang='grc' dir='ltr'><strong><em>δῆμος</em></strong></span> <span class='ocrx_word' id='word_1_165' title='bbox 1475 2087 1616 2144; x_wconf 72' lang='grc' dir='ltr'><strong><em>ἐκὸὰς,</em></strong></span> <span class='ocrx_word' id='word_1_166' title='bbox 1641 2086 1706 2150; x_wconf 83' lang='grc' dir='ltr'><strong><em>καὶ</em></strong></span> <span class='ocrx_word' id='word_1_167' title='bbox 1736 2085 1879 2137; x_wconf 76' lang='grc' dir='ltr'><strong><em>αὐτοὺς</em></strong></span> <span class='ocrx_word' id='word_1_168' title='bbox 1912 2085 2004 2137; x_wconf 85' lang='grc' dir='ltr'><strong><em>τοὺς</em></strong></span> <span class='ocrx_word' id='word_1_169' title='bbox 2038 2086 2270 2149; x_wconf 79' lang='grc' dir='ltr'><strong><em>εὐπατρίδας</em></strong></span> 
     </span>
     <span class='ocr_line' id='line_1_21' title="bbox 902 2165 2268 2228; baseline 0 -18"><span class='ocrx_word' id='word_1_170' title='bbox 902 2165 1099 2211; x_wconf 84' lang='grc' dir='ltr'><strong><em>καλεῖσθαι</em></strong></span> <span class='ocrx_word' id='word_1_171' title='bbox 1124 2167 1230 2228; x_wconf 84' lang='grc' dir='ltr'><strong><em>πρὸς</em></strong></span> <span class='ocrx_word' id='word_1_172' title='bbox 1254 2171 1330 2211; x_wconf 87' lang='grc' dir='ltr'><strong><em>τῶν</em></strong></span> <span class='ocrx_word' id='word_1_173' title='bbox 1347 2165 1560 2224; x_wconf 85' lang='grc' dir='ltr'><strong><em>βαναύσων</em></strong></span> <span class='ocrx_word' id='word_1_174' title='bbox 1584 2167 1637 2216; x_wconf 86' lang='grc' dir='ltr'><strong><em>εἰς</em></strong></span> <span class='ocrx_word' id='word_1_175' title='bbox 1659 2165 1766 2217; x_wconf 86' lang='grc' dir='ltr'><strong><em>δίκην</em></strong></span> <span class='ocrx_word' id='word_1_176' title='bbox 1783 2165 2067 2225; x_wconf 86' lang='grc' dir='ltr'><strong><em>ἐνομοθέτησεν·</em></strong></span> <span class='ocrx_word' id='word_1_177' title='bbox 2095 2168 2180 2216; x_wconf 79' lang='grc' dir='ltr'><strong><em>ὥςε</em></strong></span> <span class='ocrx_word' id='word_1_178' title='bbox 2200 2166 2268 2212; x_wconf 81' lang='grc' dir='ltr'><strong><em>τὸν</em></strong></span> 
     </span>
     <span class='ocr_line' id='line_1_22' title="bbox 903 2242 2268 2309; baseline 0 -23"><span class='ocrx_word' id='word_1_179' title='bbox 903 2245 1051 2289; x_wconf 85' lang='grc' dir='ltr'><strong><em>ὕπατον</em></strong></span> <span class='ocrx_word' id='word_1_180' title='bbox 1091 2244 1190 2307; x_wconf 81' lang='grc' dir='ltr'><strong><em>πρὸς</em></strong></span> <span class='ocrx_word' id='word_1_181' title='bbox 1236 2245 1452 2308; x_wconf 65' lang='grc' dir='ltr'><strong><em>θεραπείαν</em></strong></span> <span class='ocrx_word' id='word_1_182' title='bbox 1490 2247 1560 2290; x_wconf 81' lang='grc' dir='ltr'><strong><em>τοῦ</em></strong></span> <span class='ocrx_word' id='word_1_183' title='bbox 1603 2243 1773 2309; x_wconf 82' lang='grc' dir='ltr'><strong><em>πλήθους</em></strong></span> <span class='ocrx_word' id='word_1_184' title='bbox 1812 2245 1933 2303; x_wconf 86' lang='grc' dir='ltr'><strong><em>νόμον</em></strong></span> <span class='ocrx_word' id='word_1_185' title='bbox 1974 2242 2134 2304; x_wconf 80' lang='grc' dir='ltr'><strong><em>ἐνεγκεῖν</em></strong></span> <span class='ocrx_word' id='word_1_186' title='bbox 2155 2276 2171 2298; x_wconf 84' lang='grc'>,</span> <span class='ocrx_word' id='word_1_187' title='bbox 2213 2245 2268 2302; x_wconf 75' lang='grc' dir='ltr'><strong><em>μὴ</em></strong></span> 
     </span>
     <span class='ocr_line' id='line_1_23' title="bbox 903 2320 2268 2386; baseline 0 -20"><span class='ocrx_word' id='word_1_188' title='bbox 903 2320 1040 2374; x_wconf 84' lang='grc' dir='ltr'><strong><em>ἐξεῖναι</em></strong></span> <span class='ocrx_word' id='word_1_189' title='bbox 1072 2325 1153 2374; x_wconf 83' lang='grc' dir='ltr'><strong><em>τοῖς</em></strong></span> <span class='ocrx_word' id='word_1_190' title='bbox 1184 2327 1352 2386; x_wconf 83' lang='grc' dir='ltr'><strong><em>ἄρχουσι</em></strong></span> <span class='ocrx_word' id='word_1_191' title='bbox 1378 2321 1470 2383; x_wconf 85' lang='grc' dir='ltr'><strong><em>δίχα</em></strong></span> <span class='ocrx_word' id='word_1_192' title='bbox 1501 2323 1633 2385; x_wconf 79' lang='grc' dir='ltr'><strong><em>ψήφου</em></strong></span> <span class='ocrx_word' id='word_1_193' title='bbox 1668 2325 1738 2370; x_wconf 85' lang='grc' dir='ltr'><strong><em>τοῦ</em></strong></span> <span class='ocrx_word' id='word_1_194' title='bbox 1773 2320 1976 2384; x_wconf 78' lang='grc' dir='ltr'><strong><em>δημάρχου</em></strong></span> <span class='ocrx_word' id='word_1_195' title='bbox 2011 2320 2268 2383; x_wconf 63' lang='grc' dir='ltr'><strong><em>τιμωρεῖσθαι</em></strong></span> 
     </span>
     <span class='ocr_line' id='line_1_24' title="bbox 902 2400 1075 2451; baseline -0.017 -4"><span class='ocrx_word' id='word_1_196' title='bbox 902 2400 1075 2451; x_wconf 80' lang='grc' dir='ltr'><strong><em>πολίτην.</em></strong></span> 
     </span>
    </p>
   </div>
   <div class='ocr_carea' id='block_1_4' title="bbox 2719 2664 2748 3174">
    <p class='ocr_par' dir='ltr' id='par_1_5' title="bbox 2719 2664 2748 3174">
     <span class='ocr_line' id='line_1_25' title="bbox 2719 2664 2748 3174; baseline 0 660"><span class='ocrx_word' id='word_1_197' title='bbox 2719 2664 2748 3174; x_wconf 95' lang='lat' dir='ltr'><strong><em> </em></strong></span> 
     </span>
    </p>
   </div>
   <div class='ocr_carea' id='block_1_5' title="bbox 2664 3433 2748 3834">
    <p class='ocr_par' dir='ltr' id='par_1_6' title="bbox 2664 3433 2748 3834">
     <span class='ocr_line' id='line_1_26' title="bbox 2664 3433 2748 3834; baseline 0 0"><span class='ocrx_word' id='word_1_198' title='bbox 2664 3433 2748 3834; x_wconf 95' lang='lat' dir='ltr'><strong><em> </em></strong></span> 
     </span>
    </p>
   </div>
  </div>
 </body>
</html>
