2748 3834
982 537 1074 586 156
1215 564 1219 566 ἡ
1290 547 1419 583 ιγυι
1453 545 1521 574 DE
1556 543 2014 576 MAGISTRATIBUS

972 633 1055 680 ταῖς
1083 627 1309 671 διοικήσεσιν
1346 620 1504 668 ἐκείναις
1527 622 1656 681 κοῦρα
1681 617 1957 681 ἐπις-ολοίρουμ
1988 621 2038 666 τὰ
2066 625 2341 684 προςάγματα

973 714 1038 754 τῆς
1073 698 1333 759 ἐπιδιδομένης
1362 699 1442 746 ἀπὸ
1467 699 1537 742 τοῦ
1567 695 1755 757 δημοσίου
1786 695 1962 750 δαπάνης
1990 700 2147 760 γίνεται.
2174 701 2233 745 Τὸ
2260 703 2338 764 γὰρ

971 786 1046 828 τῶν
1073 780 1200 824 ὅπλων
1224 777 1390 838 σκρινίον
1411 771 1629 838 ὡρισμένας
1651 774 1718 835 μὲν
1738 778 1816 836 ἔχει
1837 777 1907 827 τάς
1933 777 2012 822 ἀπὸ
2037 782 2113 822 τῶν
2141 777 2336 841 ἐπαρχιῶν

974 857 1214 911 συντελείας,
1247 859 1387 916 νεῦρα,
1410 848 1510 915 λέγω
1524 888 1538 910 ,
1563 853 1627 898 καὶ
1648 855 1814 917 κέρατα,
1843 854 1907 899 καὶ
1928 856 1977 900 τὰ
1996 855 2134 912 λοιπά,
2163 857 2263 919 πρὸς
2296 855 2339 903 δὲ

970 939 1040 987 τὰς
1067 934 1367 984 ἀνακυπτούσας
1391 933 1524 995 χρείας
1548 932 1587 979 ἐν
1606 935 1688 984 τοῖς
1709 933 1894 994 πολέμοις
1918 932 2340 998 ὑπουργεῖτοῖςπροσ-

969 1020 1179 1078 τάγμασιν.

1044 1092 1088 1141 6.
1125 1093 1284 1142 Πολλῆς
1310 1089 1352 1136 δὲ
1382 1092 1500 1142 οὔσης
1531 1089 1629 1153 ὑπὲρ
1651 1091 1834 1154 ,ἀριθμὸν
1865 1098 1933 1143 τῆς
1963 1097 2039 1139 τῶν
2068 1095 2333 1155 ταχυγροὶφων

968 1173 1171 1227 πληθύος,
1194 1170 1257 1214 καὶ
1280 1169 1325 1214 οὐ
1358 1171 1500 1233 μικρὰς
1528 1169 1693 1229 ἐχούσης
1723 1172 1906 1234 ἀφορμὰς
1931 1170 1992 1216 ἐπὶ
2026 1169 2188 1233 κέρδους
2220 1171 2335 1234 ἐργα-

971 1253 1079 1308 σίας,
1103 1257 1149 1312 τῇ
1171 1249 1320 1296 τούτων
1343 1249 1408 1293 καὶ
1436 1250 1683 1312 λογικώτεροι
1707 1249 1769 1293 καὶ
1803 1250 1900 1312 πρὸς
1927 1251 1995 1298 τὴν
2026 1247 2236 1312 ὑπηρεσίαν
2263 1251 2336 1312 ἀρ-

966 1334 1123 1381 κοῦντες
1163 1328 1202 1373 ἐν
1239 1326 1510 1374 πεντεκαίδεκα
1547 1330 1820 1390 συναγωγαῖς,
1865 1328 1914 1379 ἃς
1955 1328 2117 1387 καλοῦσι
2156 1329 2304 1388 σχολάς
2319 1362 2336 1384 ,

968 1408 1243 1468 συλλεγόμενοι
1258 1441 1279 1463 ,,
1317 1407 1353 1451 οἱ
1389 1409 1455 1456 τὴν
1497 1400 1617 1452 οὖσαν
1655 1406 1788 1457 αὐτοῖς
1823 1409 1958 1468 πεῖραν
1992 1409 2073 1456 τοῖς
2109 1409 2334 1468 πράγμασιν

966 1483 1240 1546 ἐπιδειξάμενοι
1270 1483 1332 1530 ἐπὶ
1361 1485 1405 1530 τὸ
1435 1489 1566 1547 τάγμα
1597 1489 1673 1545 τῶν
1706 1482 2017 1546 Αὐγουςαλίων,
2042 1484 2125 1549 εἴγε
2153 1487 2234 1544 ἄρα
2261 1485 2333 1529 Ξέ·

967 1565 1078 1610 λουσι
1092 1600 1108 1622 ,
1139 1565 1323 1628 παριάσι,
1352 1563 1417 1609 καὶ
1453 1565 1505 1614 εἷς
1542 1564 1585 1610 τὸ
1617 1567 1687 1608 τοῦ
1714 1562 2030 1626 κορνικουλαρίου
2064 1562 2258 1624 πλήρωμα
2293 1555 2331 1602 ²)

968 1647 1205 1700 καταντῶσι,
1244 1643 1343 1703 μετά
1363 1642 1494 1704 μέντοι
1524 1644 1592 1691 τὴν
1615 1641 1824 1703 λεγομένην
1853 1639 2101 1703 βοηθοῦραν·
2136 1639 2171 1683 οἱ
2198 1642 2335 1700 μένον-

964 1737 1025 1771 τες
1048 1721 1109 1768 ἐπὶ
1133 1728 1202 1772 τῆς
1226 1719 1359 1766 δέλτου
1392 1721 1444 1771 εἷς
1472 1720 1517 1766 τὸ
1540 1723 1610 1766 τοῦ
1639 1721 1921 1782 πριμισκρινίου
1941 1721 2207 1783 ’ἀναφέρονται
2231 1719 2328 1767 πλή-

939 1797 1092 1862 ,”ρωμα.
1117 1791 1199 1846 Καὶ
1225 1801 1311 1863 περὶ
1339 1799 1409 1861 μὲν
1440 1800 1580 1848 τούτου
1601 1798 1855 1862 ἀκριὸέςερον
1885 1815 1926 1844 ον
1951 1793 1991 1840 2)
2016 1816 2061 1845 το
2094 1815 2177 1850 πως
2204 1792 2249 1838 *)
2278 1798 2332 1843 εἴ·

964 1895 1091 1940 ρηται.

1036 1970 1080 2018 7.
1114 1955 1232 2002 Μετά
1249 1953 1292 2000 δὲ
1309 1952 1400 2006 τοὺς
1421 1954 1482 2001 ἐπὶ
1501 1957 1584 2006 ταῖς
1606 1956 1776 2016 λογικαῖς
1797 1957 2052 2016 τεταγμένους
2077 1955 2330 2016 λειτουργίαις

942 2055 944 2057 ’
964 2033 1056 2083 εἰσὶν
1076 2034 1110 2075 οἱ
1131 2035 1329 2092 λεγόμενοι
1349 2032 1635 2093 σιγγουλοίριοι,
1653 2030 1792 2096 ἄνδρες
1813 2032 1999 2092 ἑντρεχεῖς
2009 2064 2024 2085 ,
2041 2030 2102 2075 ἐπὶ
2118 2032 2186 2080 τάς
2205 2031 2330 2092 ἐπαρ-

964 2111 1054 2170 χίας
1076 2107 1272 2169 δημοσίων
1299 2111 1408 2153 ἕνεκα
1443 2114 1583 2171 χρειῶν
1613 2108 1937 2168 ἀπος-ελλόμενοι·
1970 2103 2024 2152 ὧν
2053 2109 2232 2153 ἀνέκαθεν
2260 2110 2344 2162 τοὶς>

962 2187 1272 2247 ἀναγκαιοτάτας
1307 2186 1371 2230 καὶ
1394 2187 1446 2236 εἰς
1477 2186 1595 2234 αὐτὴν
1630 2187 1890 2236 συντελούσας
1921 2188 1989 2235 τὴν
2013 2186 2104 2237 ὅλην
2133 2186 2331 2236 ,πολιτείαν

960 2264 1092 2327 χρείας
1115 2263 1430 2325 ἑγχειριζομένων
1439 2296 1453 2320 ,
1472 2261 1680 2326 παρεισέδυ
1687 2284 1702 2320 ,·
1724 2270 1791 2314 τῆς
1810 2264 2073 2326 ἐπαρχότητος
2096 2262 2169 2314 ἤδη
2192 2281 2335 2327 μαραιε
2399 2268 2401 2271 ’

960 2346 1119 2404 νομένης
1135 2376 1149 2400 ,
1183 2344 1207 2391 ἡ
1239 2346 1315 2388 τῶν
1348 2342 1563 2403 λεγομένων
1595 2348 1864 2405 μαγις-ριανῶν
1896 2342 2330 2406 κομποφακελοῤῥημο-

959 2426 1056 2476 σύνη
1079 2419 1136 2468 5).
1159 2423 1477 2486 Συγγουλαρίους
1500 2421 1542 2467 δὲ
1572 2423 1663 2474 τοὺς
1692 2424 1915 2486 εἰρημένους
1946 2425 2154 2469 καλεῖσθαι
2177 2424 2329 2484 συμὸέ-

957 2503 1068 2555 ἕηκεν
1100 2501 1141 2548 ἐκ
1162 2505 1231 2547 τοῦ
1258 2501 1309 2546 ἑνὶ
1340 2500 1511 2565 βεραίὸῳ
1527 2496 1568 2543 ,4)
1599 2502 1826 2564 χρωμένους
1863 2498 2009 2563 (ἤγουν
2043 2501 2126 2551 ἑνὸς
2152 2500 2334 2554 δηλονότιν

957 2576 1184 2644 παρίππου)
1202 2579 1264 2626 ἐπὶ
1283 2580 1361 2631 -τάς
1392 2580 1579 2643 ἐπαρχίας
1611 2581 1735 2643 ὁρμᾷν
1760 2573 1817 2623 5).
1838 2579 2129 2642 Συγγουλοίριον
2160 2581 2236 2642 γὰρ
2258 2580 2324 2625 τὸν

953 2664 1101 2722 μονήρη
1127 2644 1277 2711 Ῐταλοῖς
1296 2660 1392 2711 ἔθος
1413 2659 1555 2705 καλεῖν.
1584 2657 1696 2705 Μεθ’
1713 2657 1780 2710 οὓς
1801 2662 2014 2720 μάγκιπες,
2037 2658 2074 2702 οἱ
2093 2660 2163 2703 τοῦ
2185 2655 2325 2717 δημώ-

974 2792 977 2793 ’
1011 2780 1050 2828 1)
1077 2777 1194 2819 Conf.
1220 2793 1290 2829 111,
1321 2794 1366 2833 9,
1392 2785 1455 2832 et,
1480 2793 1555 2831 111,
1586 2777 1637 2821 25
1652 2808 1664 2831 ,
1698 2782 1742 2826 εἰς
1772 2779 1813 2820 τὸ
1841 2782 2042 2832 πέραςτῶν
2062 2785 2123 2824 τῆς
2155 2781 2324 2837 ςρατείας

954 2846 1118 2897 βαθμῶν.

1007 2911 1050 2956 2)
1080 2911 1188 2962 Lego
1213 2913 1378 2956 ἐντὸπως.
