2748 3834
960 484 1128 547 xxviij
1383 492 1888 532 cemimus-Amos
1915 506 1918 510 ·

960 595 1056 644 vix
1077 590 1419 641 inveniamus·'
1433 585 1655 644 Quando
1678 585 1834 646 igitur
1855 582 2101 637 relataest
2117 584 2176 640 ‘in
2194 583 2305 632 Sui·

956 681 1072 729 dam
1091 679 1199 726 haec
1215 672 1276 722 de
1293 671 1442 735 Lydo
1465 668 1666 732 glossa?
1690 669 1869 732 utique
1893 676 2011 721 ante
2028 686 2139 718 saec.
2169 685 2305 718 xm:

931 788 933 793 ’
957 784 1072 815 nam
1105 764 1348 813 habemus
1372 761 1427 808 in
1458 757 1773 824 Bibliotheca
1796 757 2034 809 Codicem
2064 757 2233 808 Suidae
2253 759 2308 807 id
2345 800 2348 802 ,

955 854 1127 916 aetatis,
1137 851 1225 900 ubi
1239 849 1324 898 hic
1333 847 1472 896 locus
1486 845 1669 910 legitur
1682 864 1692 892 :
1707 847 1798 919 wi
1809 846 1984 896 Codex
1994 855 2067 896 est
2074 855 2307 912 praestan-

956 942 1179 990 tissimus
1193 938 1279 987 ille
1292 955 1319 985 a
1336 935 1556 983 Kustero
1571 934 1882 1000 nobilitatus,
1906 936 2031 986 olim
2042 936 2144 985 No,
2161 937 2303 986 1852.

955 1047 1094 1080 nunc
1111 1029 1243 1077 inter
1258 1042 1374 1074 mss.
1399 1024 1603 1072 Graecos
1628 1023 1772 1073 2625.
1788 1026 1955 1074 Locus
1973 1032 2142 1075 autem
2158 1032 2231 1073 est
2250 1025 2305 1072 in

957 1119 1071 1167 edit.
1094 1117 1293 1164 Kusler.
1320 1111 1382 1161 ad
1402 1113 1546 1163 hunc
1565 1114 1775 1164 modum
1807 1135 1817 1163 ε
1846 1104 2013 1171 Ῐωοίννης
2043 1116 2303 1180 Φιλαδελφεὺς

954 1208 1101 1258 Λυδός.
1122 1203 1232 1256 οὗτος
1251 1206 1394 1268 ἔγραψε
1415 1208 1501 1269 περὶ
1522 1213 1652 1267 μηνῶν
1664 1207 1814 1266 βιὸλιόν
1826 1213 1867 1254 οἱ·
1884 1210 1947 1254 καὶ
1964 1208 2050 1272 περὶ
2064 1210 2303 1268 Διοσημειῶν

952 1303 1091 1360 ἕτερον.
1112 1299 1174 1342 καὶ
1197 1298 1325 1341 ἄλλων
1340 1304 1449 1343 τινῶν
1468 1297 1685 1344 ὑποθέσεων
1700 1302 1985 1359 μαθηματικῶν.
2013 1300 2243 1363 προσομιλεῖ
2262 1298 2304 1343 δὲ

953 1393 1073 1432 ταῦτα
1085 1388 1289 1450 Γαὸριήλῳ
1307 1387 1378 1432 τινὶ
1401 1387 1582 1449 ὑπάρχῳ.
1601 1386 1774 1434 Vertit
1791 1386 2042 1435 Kusterus
2060 1388 2303 1434 :Ioannes

951 1475 1396 1539 Philadelphe'nsis
1411 1477 1606 1541 Lydas.
1617 1479 1680 1525 H
1683 1479 1727 1524 ic
1744 1480 1944 1542 scripsit
1958 1476 2020 1525 de
2036 1476 2302 1530 Mensibus

953 1567 1130 1613 libram
1155 1583 1307 1615 unam
1321 1589 1346 1627 ‚-
1389 1577 1435 1615 et
1457 1566 1519 1615 de
1543 1567 1948 1632 Tempestatibus
1964 1603 1977 1626 ,
2025 1565 2190 1613 ventis
2212 1571 2302 1612 etc.
2363 1546 2365 1548 ,

949 1655 1158 1701 alterum
1173 1675 1196 1713 ,-
1229 1658 1440 1719 itemque
1460 1657 1817 1705 mathematica
1842 1658 2004 1705 varia.
2028 1656 2116 1702 Ea
2137 1662 2304 1700 autem

950 1743 1200 1790 dedicavit
1224 1745 1453 1792 Gabrieli
1467 1747 1670 1792 cuidam
1685 1742 2087 1807 Praefecto-Quo
2109 1758 2173 1790 ex
2190 1722 2302 1789 loco

946 1828 1047 1878 duo
1070 1830 1288 1895 intelligi
1316 1832 1449 1880 licet.
1471 1834 1674 1890 Primo,
1707 1833 1902 1881 librum
1934 1831 1995 1879 de
2026 1831 2301 1894 Magistra-

944 1917 1080 1966 tibus
1113 1920 1216 1983 jam
1244 1927 1357 1967 tum
1387 1921 1596 1984 coepisse
1624 1935 1936 1970 evanescere.
1962 1919 2098 1967 Nam
2127 1927 2303 1967 auctor

942 2006 1098 2071 hujus
1115 2008 1311 2073 glossae,
1335 2010 1568 2074 quisquis
1587 2017 1680 2072 est,
1703 2027 1821 2058 eum
1843 2010 2052 2073 ignorat.
2074 2007 2296 2071 Deinde,

941 2103 1001 2142 ut
1021 2113 1160 2145 nunc
1180 2097 1322 2146 certe
1344 2098 1542 2163 legitur,
1581 2097 1760 2163 Lydo,
1792 2105 1972 2162 praeter
2011 2097 2202 2145 librum
2239 2096 2301 2144 de

946 2184 1197 2249 ostentis,
1237 2187 1395 2235 tribui
1429 2187 1526 2234 alia
1559 2186 1789 2250 quaedam
1816 2185 2199 2246 Mathematica‚
2239 2183 2301 2233 de

945 2275 1130 2338 quibus
1150 2283 1379 2324 auctores
1404 2276 1571 2324 caeteri
1592 2292 1768 2324 omnes
1793 2274 1957 2324 silent.
1975 2272 2181 2321 Atenim
2197 2289 2301 2320 sus-

944 2364 1085 2427 picor
1131 2366 1297 2429 primo
1327 2366 1574 2429 scriptum
1615 2364 1770 2412 fuisse
1789 2402 1802 2427 ,
1839 2365 1903 2415 καὶ
1927 2365 2014 2427 περὶ
2057 2366 2298 2423 Διοσημειῶν

945 2458 1096 2517 ἕτερον,
1129 2471 1222 2502 nec
1250 2454 1524 2518 quicquam
1551 2452 1769 2516 amplius
1806 2470 1817 2499 z
1853 2459 2052 2515 postea,
2094 2456 2153 2497 ut
2179 2456 2299 2497 sunt

945 2543 1115 2607 glossae
1143 2545 1250 2594 istae
1278 2544 1455 2593 multis
1481 2562 1508 2592 e
1535 2543 1854 2591 centunculis
1883 2540 2109 2590 consutis
2137 2546 2295 2596 natae,

945 2635 1296 2697 respicientem
1336 2634 1558 2697 aliquem
1608 2631 1671 2680 ad
1721 2638 2076 2695 argumentum
2119 2627 2298 2686 multi-

944 2720 1063 2783 plex
1104 2723 1224 2771 libri
1265 2722 1327 2771 de
1364 2722 1591 2771 Ostentis
1606 2759 1620 2784 ‚
1659 2737 1811 2784 supra
1849 2719 2006 2768 verba
2038 2720 2123 2781 περὶ
2155 2721 2295 2770 Διοση-

947 2819 1058 2868 μειῶν
1083 2850 1096 2876 ‚
1140 2813 1425 2878 ascripsisse
1452 2850 1466 2876 ,
1506 2814 1571 2859 καὶ
1601 2814 1730 2859 ἄλλων
1766 2819 1877 2859 τινῶν
1913 2812 2130 2858 ὑποθέσεων
2169 2811 2297 2869 μαθη-
