2748 3834
876 491 953 525 nn
984 492 1218 527 mamm
1253 490 1435 525 mmo.
1725 472 1823 523 lxv

425 572 440 586 “
465 585 567 635 lem
595 595 771 653 postea
794 588 848 636 in
872 588 1144 637 luculentis
1167 587 1366 652 seriptis
1397 582 1534 650 apud
1565 585 1823 649 posterita-

466 682 568 724 tem
583 676 838 741 professus
858 683 953 739 est,
979 676 1128 725 talem
1141 676 1243 740 jam
1264 682 1388 724 tunc
1403 674 1458 723 in
1475 674 1583 738 ipsa
1596 674 1824 724 muneris

464 767 688 830 gestione
707 774 976 833 praesentes
998 774 1199 831 possent
1225 765 1460 815 homines
1483 763 1688 813 intueri.

531 942 713 992 XXX.
750 943 951 993 Verum
980 943 1212 1009 tandem,
1249 961 1367 994 cum
1397 949 1527 994 esset
1561 942 1733 1009 patriae
1771 948 1822 992 et

466 1029 667 1080 Gallico
688 1032 797 1081 solo
824 1035 1081 1083 restitutus
1097 1072 1110 1098 ,
1139 1033 1275 1100 Lydi
1298 1032 1488 1083 diutius
1513 1032 1727 1097 neglecti
1743 1049 1819 1081 se-

464 1118 570 1167 rior
587 1137 709 1170 cura
734 1122 963 1171 animum
995 1124 1166 1172 subire
1194 1124 1360 1187 coepit.
1399 1121 1604 1171 Etenim
1638 1137 1819 1171 exora-

470 1213 554 1256 tus
571 1210 713 1258 abeo
733 1209 890 1260 homo
912 1210 1231 1261 doctissimus
1247 1211 1472 1260 Villoiso
1496 1211 1551 1258 in
1576 1226 1629 1258 se
1659 1226 1821 1258 susce-

469 1305 640 1362 perat,
670 1306 729 1347 ut
748 1298 809 1347 ad
832 1298 1059 1349 codicem
1085 1299 1300 1349 feliciter
1324 1300 1595 1349 inventum
1622 1296 1820 1351 felicius

467 1386 722 1450 edendum
743 1408 932 1440 nomen
956 1397 1006 1439 et
1025 1390 1246 1454 auspicia
1264 1390 1519 1455 praeberet.
1540 1386 1638 1436 Sed
1659 1387 1820 1451 prius-

467 1494 621 1541 quam
661 1497 779 1530 enm
818 1480 950 1531 foras
977 1479 1144 1542 daret,
1182 1479 1572 1544 descriptionem
1596 1476 1821 1525 Villoiso

467 1567 547 1615 sui
566 1583 658 1631 per
679 1570 930 1619 Graeciam
947 1569 1145 1618 itineris
1162 1566 1518 1633 perficiendam
1531 1565 1628 1614 sibi
1643 1563 1821 1627 duxit,

1902 941 2006 970 111.

1920 1005 2003 1031 nora

1861 1047 2053 1087 Villoisonis,

1843 1097 1892 1127 eui
1903 1097 1999 1127 delata
2010 1104 2074 1129 ent

1860 1146 1937 1183 Lydi
1950 1146 2055 1177 editio.

468 1673 621 1721 quam
650 1658 845 1721 publici
878 1658 1006 1722 juris
1027 1655 1415 1730 facturumhsese
1441 1672 1558 1704 cum
1579 1670 1708 1719 saepe
1733 1651 1822 1701 ali·
1883 1718 1886 1722 ἡ

470 1747 524 1796 bi
560 1747 899 1811 spoponderat
912 1785 925 1809 ‚
965 1754 1078 1795 tum
1107 1747 1331 1818 maixime
1366 1745 1718 1810 Prolegomen.
1758 1739 1822 1791 acl

465 1835 612 1886 Iliad.
626 1852 735 1899 pag.
754 1850 847 1883 mv
870 1835 1062 1897 :adque
1075 1851 1184 1883 eam
1204 1851 1315 1882 rem
1332 1834 1504 1882 omnia
1525 1831 1736 1881 consilia
1758 1836 1825 1878 at-

468 1942 570 1990 que
607 1921 775 1971 studia
806 1921 994 1970 referre
1019 1938 1110 1969 sua
1138 1922 1306 1985 coepit.
1337 1922 1591 1969 Statuerat
1622 1927 1824 1981 autem,

467 2020 590 2062 tunc
612 2009 833 2073 denique
853 2026 911 2058 ea
939 2006 1175 2076 prodere,
1209 2007 1398 2071 quaein
1422 2007 1610 2064 recenti
1628 1994 1828 2056 Graecia.

467 2115 832 2166 usquequaque
870 2098 1186 2147 observasset
1208 2133 1222 2158 ‚
1270 2082 1387 2144 cum
1407 2093 1505 2142 iter
1531 2091 1829 2142 confecisset

467 2192 525 2239 in
547 2197 773 2238 veterem
785 2224 799 2252 ,
823 2187 926 2236 hoc
943 2194 1017 2235 est
1035 2186 1215 2250 (verba
1231 2184 1341 2248 ipsa
1358 2190 1478 2232 sunt
1493 2182 1826 2245 Villoisonis,

468 2278 822 2342 Prolegomen.
859 2276 955 2324 loc.
979 2275 1110 2323 citat.
1126 2273 1146 2337 )
1162 2310 1177 2336 ‚
1213 2290 1331 2322 cum
1355 2278 1585 2321 auctores
1608 2272 1821 2320 Latinos

471 2367 779 2431 Graecosque
791 2364 1019 2429 singulos
1031 2380 1061 2412 a
1076 2362 1238 2428 capite
1246 2360 1309 2411 ad
1319 2361 1506 2410 calcem
1519 2360 1827 2425 perlegisset,

470 2473 686 2521 quaeque
710 2454 772 2503 de
791 2454 1030 2503 omnibus
1049 2452 1200 2502 rebus
1221 2449 1284 2500 ad
1303 2450 1556 2501 Graeciam
1574 2449 1828 2514 AEgeique

470 2547 624 2595 maris
679 2545 872 2594 insulas
929 2541 1396 2608 quomodocunque
1452 2540 1827 2608 pertinentibus

468 2636 687 2701 quisque
722 2633 926 2699 scripsit
943 2669 958 2695 ‚
1002 2649 1059 2680 ea
1099 2630 1431 2695 excerpsisset
1450 2667 1464 2692 ‚
1507 2628 1796 2692 referreque
1811 2663 1826 2688 ,

470 2742 527 2773 ac
546 2724 828 2790 discernere
840 2759 854 2786 ‚
872 2730 923 2772 et
942 2739 1060 2772 cum
1077 2722 1164 2780 iis,
1187 2737 1301 2785 quse
1318 2720 1425 2784 ipse
1447 2717 1678 2779 vidisset,
1705 2732 1825 2764 con-

468 2810 600 2860 ferre
616 2819 798 2876 posset.
819 2812 1067 2876 Magnum
1083 2827 1224 2873 sane,
1239 2817 1288 2858 et
1301 2807 1576 2875 singulare,
1593 2805 1824 2869 dignum-

1570 2912 1588 2944 ι
