2748 3834
827 479 905 516 nn
937 479 1184 516 ionum
1211 477 1400 515 mmo.
1698 462 1792 527 xiij

438 576 758 642 doctissimi,
795 580 933 646 typis
968 579 1259 644 descriptas.
1288 579 1369 628 De
1407 575 1596 642 quibus
1626 576 1794 627 omni-

437 679 535 729 bus
557 679 762 745 planius
785 678 997 744 posthac
1022 676 1187 726 dicam
1209 675 1467 740 :itemque
1486 673 1550 724 de
1572 672 1795 725 secundo

437 767 575 833 Lydi
595 783 776 832 opere,
811 766 890 815 ma
927 778 1066 814 MAG
1081 778 1464 814 ιετιιᾼτιιιυε
1503 777 1794 812 anirum..

439 857 616 904 ROMA
629 868 725 903 NAE
754 890 768 916 ,
812 857 912 918 Περὶ
957 858 1092 919 ἀρχῶν
1132 864 1200 907 τῆς
1241 846 1434 917 Ριιιμαίων
1474 854 1683 905 πολιτείας·
1730 851 1796 902 li·

440 941 548 992 bris
595 941 762 991 tribus
811 949 928 1007 post
978 941 1386 992 Commentarios
1429 938 1492 989 de
1528 940 1798 991 Mensibus

439 1031 664 1096 vulgato.
691 1030 752 1079 Id
788 1048 917 1097 opus
937 1069 952 1094 ‚
985 1041 1255 1098 antequam
1278 1032 1376 1082 hac
1406 1029 1629 1080 editione
1657 1031 1797 1096 typis

441 1118 737 1170 mandatum
757 1127 831 1169 est
850 1157 864 1183 ,
906 1138 998 1186 per
1030 1139 1191 1171 annos
1235 1120 1341 1170 fere
1365 1136 1485 1169 noc
1516 1119 1721 1170 delituit
1740 1120 1798 1170 in

439 1224 549 1259 uno
567 1209 677 1269 solo
710 1213 728 1270 (
748 1210 967 1275 opinor)
1009 1220 1173 1276 eoque
1206 1210 1339 1260 male
1379 1209 1554 1259 affecto
1575 1209 1761 1260 Codice
1779 1249 1794 1275 ‚

438 1312 535 1348 nec
555 1298 832 1363 quicquam
866 1299 1078 1364 propius
1104 1307 1178 1348 est
1201 1297 1391 1348 factum
1409 1315 1562 1362 quam
1580 1305 1638 1347 ut
1655 1315 1796 1363 pror-

440 1404 526 1438 sus
550 1386 818 1438 occideret.
843 1389 1079 1439 Tertium
1109 1397 1280 1438 autem
1304 1405 1434 1453 opus
1469 1395 1543 1437 est
1577 1395 1690 1453 post
1712 1387 1801 1437 illa

442 1477 546 1528 duo
562 1480 826 1545 scriptum,
849 1495 885 1528 D
899 1495 932 1529 E
952 1480 1269 1543 Os'rmz‘rls,
1284 1480 1638 1545 Περῒδιοσημειῷν,
1658 1495 1801 1543 aeque

443 1566 696 1616 ineditum
716 1606 731 1631 ,
774 1575 958 1633 praeter
972 1586 1133 1635 pauca
1149 1567 1408 1634 quaedam:
1433 1585 1538 1633 quo
1556 1565 1803 1631 quicquid

445 1655 508 1704 de
533 1656 820 1721 aruspicina
847 1656 1195 1724 fulguralique
1228 1677 1347 1724 pop.
1389 1657 1616 1708 Romani
1657 1655 1803 1706 ‹lisci-

443 1744 585 1809 plina
602 1782 616 1808 ,
656 1752 706 1795 et
728 1746 972 1810 universe
989 1745 1051 1794 de
1075 1730 1297 1795 scientia*
1313 1754 1586 1811 auguratus
1604 1745 1800 1795 doctri-

443 1851 612 1902 naque
640 1837 810 1884 Tusca
845 1844 1076 1900 tempore
1112 1837 1144 1883 J
1150 1819 1394 1884 ustiniani
1426 1820 1554 1884 disci
1583 1837 1804 1900 scirique

442 1929 640 1989 poterat
662 1957 678 1985 ,
714 1930 1173 1987 quantumcunque
1189 1929 1321 1987 erat,
1358 1922 1491 1972 illud
1507 1930 1675 1973 totum
1693 1923 1804 1990 Ly-

441 2013 537 2063 dus
555 2012 790 2064 contulit.
811 2013 920 2075 Qui
935 2013 1068 2072 liber
1090 2050 1104 2074 ,
1134 2030 1242 2080 quo
1269 2021 1345 2088 est
1370 2014 1529 2079 magis
1553 2015 1805 2064 abstrusa-

442 2120 560 2153 rum
576 2119 937 2170 novarumque
955 2121 1129 2155 rerum
1154 2104 1341 2170 plenus
1362 2141 1376 2168 ,
1416 2103 1582 2170 adque
1616 2104 1806 2170 priscas

442 2212 559 2261 pop.
584 2196 812 2245 Romani
833 2196 1149 2247 caerimonias
1179 2196 1590 2262 religionumque
1618 2195 1806 2244 sancti-

442 2290 569 2333 tates
587 2282 793 2334 intimas
811 2284 1091 2336 noscendas
1110 2285 1254 2335 utilis
1273 2321 1288 2349 ,
1326 2302 1387 2334 eo
1411 2285 1655 2350 majorem
1679 2282 1804 2346 desi·

442 2373 586 2424 derat
618 2373 676 2424 in
713 2374 998 2441 legentibus
1036 2375 1412 2427 dubitationem
1431 2413 1446 2440 ‚
1483 2382 1533 2425 et
1561 2391 1774 2424 acumen
1790 2407 1804 2433 ,

442 2479 547 2528 quo
584 2480 738 2514 novae
773 2472 889 2530 post
921 2466 988 2515 D.
1024 2465 1317 2532 Augustum
1352 2481 1445 2530 per
1483 2471 1656 2530 gentes
1680 2461 1805 2511 fusae

443 2552 836 2618 superstitiones
882 2554 946 2605 ab
993 2554 1365 2621 antiquissimis
1404 2554 1528 2619 reip.
1558 2552 1804 2603 institutis

445 2639 887 2710 Etruscorumque
927 2646 1191 2711 praeceptis
1230 2652 1366 2695 recte
1407 2642 1802 2708 distinguantur.

446 2729 559 2781 Nec
571 2730 855 2799 dissimulo,
881 2738 1094 2788 omnino
1108 2755 1194 2787 me
1213 2736 1402 2800 dolere,
1423 2733 1563 2801 quod
1577 2742 1678 2783 tam
1691 2750 1802 2782 sero

448 2817 629 2885 Lydus
644 2822 706 2874 ad
728 2825 1024 2878 scribendos
1043 2827 1141 2878 hos
1167 2827 1327 2877 libros
1356 2842 1410 2875 se
1443 2820 1803 2889 applicaverit,

1852 762 1877 780 a.
1898 750 1989 781 Liber
2008 751 2046 781 d·

1826 800 2047 836 Magistraubu·

1826 852 1979 882 Romaiu.

1840 1466 1864 1493 3.
1887 1464 1974 1494 Liber
1993 1465 2032 1495 dc

1864 1513 2004 1544 ostentis.
