2748 3834
948 456 1156 514 lxxxiv

951 593 1176 664 recepi,
1219 588 1416 645 ceteris
1454 586 1516 640 in
1558 584 1704 638 notis
1749 592 1972 638 tantum
2024 579 2287 655 proposi-

949 698 1034 751 tis,
1090 694 1162 747 In
1209 690 1414 745 iisdem
1469 687 1795 744 emendatas
1849 705 1881 740 a
1935 704 2026 740 me
2081 681 2291 738 codicis

948 798 1220 854 lectiones
1266 794 1463 853 notavi
1502 837 1521 863 ,
1584 791 1835 867 exceptis
1874 833 1890 861 ,
1945 806 2084 863 quas
2143 804 2293 840 non-

950 902 1061 956 nisi
1117 901 1411 975 scripturae
1471 898 1615 955 vitio
1670 897 1928 953 laborare
1993 885 2298 950 constabat.

953 1007 1149 1080 Hujus
1171 1004 1392 1078 generis
1411 1002 1637 1059 mendae
1658 1005 1720 1060 in
1742 1003 1954 1061 Codice
1973 1002 2296 1057 innumerae

955 1108 1359 1176 occurrebant,
1401 1106 1561 1164 nullo
1600 1109 1812 1182 passim
1845 1109 1994 1164 inter
2035 1103 2296 1179 ejusdem
2346 1184 2351 1188 ῃ

955 1217 1078 1271 soni
1132 1215 1360 1272 vocales
1415 1214 1916 1291 diphthongosque
1967 1211 2296 1269 discrimine

959 1334 1199 1380 servatO.
1260 1323 1524 1379 Eandem
1572 1324 1697 1380 sive
1739 1321 2122 1397 ignorantiam
2175 1320 2298 1375 sive

955 1428 1361 1502 negligentiam
1422 1429 1486 1485 in
1546 1438 1786 1486 accentu,
1842 1427 2301 1500 animadvertere

955 1534 1088 1591 licet
1118 1578 1144 1611 ,Ι
1186 1535 1247 1590 in
1287 1556 1402 1611 quo
1434 1534 1743 1609 saepissime
1779 1543 2121 1609 peccatum3
2184 1532 2302 1586 imo

957 1641 1153 1698 multis
1191 1642 1366 1712 locis,
1407 1643 1508 1699 ubi
1536 1662 1698 1701 ¹nunc
1730 1640 2122 1708 desideratur,
2176 1658 2305 1693 om-

958 1753 1099 1809 nino
1149 1753 1398 1810 defuisse
1446 1755 1698 1813 videtur.
1759 1755 1857 1812 Ad
1918 1778 1939 1810 ν
1997 1749 2312 1823 ἐφελκυςικδν

960 1883 1104 1920 vero
1148 1863 1306 1938 quod
1344 1865 1587 1937 attinet,
1647 1865 1870 1921 tametsi
1915 1864 2150 1920 credere
2186 1882 2308 1918 non

964 1971 1178 2036 ausim,
1206 1967 1358 2022 hano
1384 1968 1609 2022 literam
1637 1948 1758 2033 non
1791 1969 1902 2023 nisi
1934 1988 2171 2037 eorum,
2207 1969 2307 2042 qui

964 2093 1110 2147 opus
1142 2073 1516 2150 descripsere,
1558 2073 1728 2150 culpa
1761 2086 1894 2131 ante
1930 2085 2307 2132 consonantes

963 2198 1085 2233 non
1130 2177 1322 2232 minus
1368 2196 1517 2252 saepe
1567 2187 1737 2252 atque
1786 2187 1917 2234 ante
1962 2178 2192 2234 vocales
2247 2181 2312 2234 in

965 2281 1162 2338 codice
1210 2281 1490 2356 reperiri,
1544 2280 1724 2356 malui
1769 2293 2007 2355 tamen,
2066 2285 2313 2342 aliorum
2386 2352 2389 2359 y

966 2383 1237 2454 consiliO,
1284 2385 1346 2440 in
1384 2405 1447 2440 re
1478 2385 1712 2442 levioris
1749 2390 2031 2444 momenti
2067 2410 2314 2446 consue-

967 2471 1093 2548 tum
1126 2492 1412 2548 editorum
1436 2511 1657 2547 morem
1681 2492 1861 2566 sequi.
1906 2491 2179 2549 Ceterum
2200 2504 2318 2549 tex-

968 2607 1093 2653 tum
1127 2597 1189 2652 in
1219 2596 1394 2653 libros
1431 2608 1487 2653 et
1522 2598 1708 2673 capita
1739 2599 2024 2671 divisum,
2060 2620 2315 2675 paragra-

969 2701 1099 2778 phis
1133 2702 1370 2779 insuper
1403 2692 1661 2762 distinxiss
