2748 3834
561 500 1901 529 mmmm-mmmmm*-

547 651 699 685 trm
750 655 828 686 nn
879 656 1444 692 namsi-narnus
1483 658 1916 696 annuunt-«u

636 741 946 777 nonnum
1002 743 1331 778 croscum
1382 745 1825 782 rnaonntrs.
1975 722 1980 725 ⁵

616 923 694 972 71.
730 907 864 956 Vicit
887 917 1056 957 tamen
1085 918 1198 975 post
1226 911 1390 958 Deum
1420 910 1765 978 imperatoris,
1799 925 1913 978 quae

547 984 603 1030 in
629 982 871 1032 omnibus
893 985 941 1032 ei
961 984 1150 1046 adfuit,
1187 985 1416 1047 fortuna;
1446 987 1690 1054 brevique
1709 998 1760 1036 et
1790 1005 1912 1055 prae·

545 1061 759 1108 stantior
770 1060 892 1109 urbs
912 1071 1007 1110 et...
1029 1062 1277 1131 firmaque
1291 1064 1446 1114 simul
1465 1075 1514 1114 et
1532 1082 1704 1115 secura
1722 1068 1911 1128 extitit,

545 1139 690 1204 quasi
725 1154 784 1186 ex
826 1138 1034 1203 informi
1073 1141 1206 1190 mole
1243 1160 1413 1192 rerum
1457 1142 1640 1211 opifice
1684 1147 1869 1194 iterum
1895 1182 1911 1208 ‚

544 1214 977 1280 quemadmodum
991 1217 1112 1266 olim
1125 1256 1138 1279 ,
1153 1231 1335 1270 cuncta
1354 1223 1407 1270 in
1422 1221 1588 1271 lucem
1607 1221 1711 1273 sola
1729 1222 1911 1274 voiun-

544 1294 659 1342 tatis
677 1304 919 1360 potestate
939 1308 1216 1347 revocante.
1512 1326 1541 1355 ῃ

1120 1434 1329 1469 LIBER.

614 1555 691 1606 72.
728 1541 866 1589 Finis
885 1541 1042 1606 igitur
1063 1538 1147 1588 hic
1166 1542 1342 1607 primae
1360 1539 1664 1593 latrocinalis
1687 1540 1910 1608 improbi

541 1617 848 1683 Cappadocis
881 1615 1197 1684 praefecturae.
1244 1620 1415 1666 Parem
1451 1627 1620 1666 autem
1656 1617 1781 1666 deus
1817 1619 1909 1665 im·

542 1694 785 1760 probitati
813 1695 1223 1753 benevolentiam,
1244 1695 1611 1744 calamitatibus
1648 1696 1906 1744 concessit.

542 1771 727 1821 Phocas
751 1772 850 1821 suit
882 1774 963 1822 vir
989 1773 1152 1822 nobili
1179 1782 1360 1839 genere
1381 1810 1394 1833 ‚
1437 1772 1613 1834 (Salvii
1641 1773 1908 1837 justissimi

533 1852 700 1915 ‘nepos
719 1887 733 1910 ‚
755 1861 805 1899 et
826 1852 1016 1899 Crateri
1040 1850 1188 1916 longe
1208 1851 1423 1916 piissimi
1449 1850 1650 1912 filius‚)‘
1670 1851 1772 1915 qui'
1786 1865 1906 1898 cum

539 1929 709 1993 primo
738 1929 872 1976 inter
887 1964 900 1989 ,
922 1945 1051 1994 quos
1070 1928 1371 1976 silentiarios
1396 1927 1522 1976 aulae
1553 1937 1762 1987 vocant,
1784 1927 1907 1974 emi·
1938 1931 1944 1938 “

540 2005 756 2066 nuisset,
770 2005 1124 2070 magnitudine
1141 2007 1300 2053 animi
1317 2014 1367 2053 et
1382 2005 1648 2055 donorum·
1661 2006 1908 2052 immensa

540 2083 683 2148 copia
699 2119 713 2142 ‚
761 2093 1018 2148 quotquot
1064 2100 1296 2148 unquam
1339 2082 1480 2132 fuere
1501 2119 1516 2142 ‚
1561 2085 1771 2131 vincens
1792 2118 1806 2141 ‚
1841 2079 1908 2130 ‘ad

540 2169 706 2223 patres
718 2161 921 2224 imperii
942 2177 1036 2224 pro
1051 2162 1234 2208 merito
1251 2161 1483 2224 pervenit
1500 2196 1513 2219 ,
1537 2158 1721 2223 opibus
1737 2157 1908 2221 splen-

540 2234 718 2295 didus,
741 2246 1042 2300 egentesque
1066 2237 1276 2298 juvans,
1301 2235 1398 2300 sibi
1427 2236 1521 2281 uni
1542 2234 1904 2299 parsimoniam

541 2330 741 2364 servans
756 2332 770 2374 ;
792 2316 834 2363 is
846 2316 984 2363 enim
998 2316 1162 2363 victus
1181 2314 1282 2373 illi,
1305 2331 1360 2362 ea
1375 2313 1586 2361 luxuriae
1602 2312 1905 2361 abstinentia

540 2403 646 2441 erat
656 2429 670 2452 ‚
685 2409 840 2459 quam
853 2393 932 2441 vel
943 2393 1230 2458 parcissime
1245 2394 1469 2444 viventes
1481 2389 1631 2439 vilem
1647 2400 1902 2455 putarent.

538 2473 599 2518 Et
613 2470 896 2519 abundanti
913 2471 1121 2536 quidem
1136 2469 1340 2518 fortuna
1353 2469 1559 2534 dignam
1580 2468 1753 2515 amicis
1767 2485 1904 2516 men-

539 2563 644 2596 sam
655 2547 930 2598 adornabat
946 2567 959 2610 ;
983 2549 1088 2614 ipse
1107 2557 1278 2597 autem
1298 2546 1416 2596 solis
1433 2546 1724 2595 daemonum
1742 2545 1902 2593 oblec-

590 2699 640 2748 6)
671 2697 771 2738 Cod·
785 2699 972 2750 μεγαλητι.

594 2761 644 2817 7)
667 2763 778 2815 Lego
793 2764 984 2808 διασὼζων.
1339 2759 1385 2808 8)
1412 2756 1510 2797 Cod.
1534 2754 1809 2809 μεμετριμένόις.

591 2828 638 2881 9)
664 2827 787 2866 Forte
798 2825 1012 2879 legendum
1027 2824 1177 2876 διένεμε.
1309 2823 1378 2871 ιο)
1408 2822 1517 2873 Lego
1532 2823 1710 2873 ἐτρέφετο.
