2748 3834
959 513 1050 576 xvj
1380 522 1874 560 comnena-Amos

960 620 1090 671 med.
1101 627 1149 668 et
1163 617 1253 667 inf.
1269 618 1565 680 aetatis‚edit.
1580 618 1750 664 Mansi
1758 618 1906 664 Tom.
1918 616 1961 663 I.
1979 617 2302 683 Patav.1754.

957 709 1002 756 4.
1020 722 1125 770 pag.
1148 704 1254 753 186.
1275 704 1485 766 ipsemet
1503 702 1746 765 cognovi,
1764 701 1994 751 instituta
2007 702 2302 756 collatione:

951 796 1074 843 item
1100 790 1457 855 animadverti,
1490 791 1735 856 opuscula
1753 792 1989 856 proxime
2008 794 2269 857 sequentia
2289 830 2305 858 ,

953 888 1249 937 Pronostica
1261 894 1530 948 temporum
1542 920 1556 946 ‚
1574 891 1648 944 et,
1662 887 1745 933 De
1756 887 2139 949 praecognitione
2148 889 2306 950 copiae

954 986 1045 1026 aut
1080 975 1396 1039 paupertatis
1431 975 1633 1037 suturae
1662 1010 1682 1033 ,
1723 974 1855 1038 Opp.
1902 972 2050 1022 Bedae
2098 974 2248 1023 Tom.
2272 989 2294 1022 1

954 1064 1047 1114 ool.
1072 1064 1167 1127 590
1182 1087 1256 1098 —-
1273 1062 1383 1127 591.
1408 1060 1634 1110 indidem
1654 1077 1857 1110 manare
1880 1067 2091 1126 :praeter
2119 1077 2306 1126 pauca,

952 1169 1064 1215 quae
1087 1151 1172 1199 vel
1195 1150 1324 1199 male
1344 1149 1600 1199 intellexit
1619 1186 1633 1212 ,
1654 1146 1753 1200 ‘vel
1782 1149 1989 1199 aliunde
2019 1150 2209 1200 cursim
2230 1168 2304 1200 ar·

951 1239 1111 1303 ripuit
1127 1238 1274 1288 Beda.
1301 1237 1399 1287 Sed
1425 1238 1534 1288 haec
1557 1238 1675 1288 alias
1700 1238 1934 1303 pluribus
1959 1256 1969 1285 z
1995 1255 2161 1298 nunc,
2193 1255 2307 1303 quae

950 1325 1101 1392 Lydo
1131 1327 1298 1376 medio
1329 1343 1446 1379 aevo
1481 1326 1686 1379 fortuna
1722 1326 1962 1392 obtigerit
1980 1362 1996 1392 ‚
2037 1343 2191 1392 porro
2229 1326 2310 1377 vi-

952 1412 1173 1465 deamus.

778 1595 855 1622 VH·
1019 1591 1150 1641 VII.
1193 1594 1553 1645 Sucoesserunt
1601 1596 1740 1646 enim
1791 1594 2031 1645 Heraclio
2075 1591 2308 1656 Augusto

703 1654 930 1732 Οἷῖἷοοιεῗῖζιο
955 1682 1183 1732 extincto
1219 1685 1514 1735 turbulenta
1559 1684 1651 1733 illa
1691 1702 1748 1734 ac
1789 1684 2047 1748 deplorata
2083 1680 2265 1730 saecula
2287 1716 2303 1744 ,

748 1751 886 1789 plerique

714 1799 923 1830 ,mmmmm
955 1787 1070 1818 cum
1110 1770 1277 1820 subito
1310 1771 1471 1820 coorti
1501 1769 1691 1821 Arabes
1725 1771 1953 1830 Syriam,
1979 1770 2269 1835 AEgyptum
2291 1802 2306 1828 ,

714 1848 935 1885 ²5ffi⁰⁰d³⁰⁹⁵
953 1856 1180 1908 Africam
1205 1895 1220 1921 ,
1250 1858 1477 1907 Siciliam
1506 1858 1660 1905 armis
1690 1858 1982 1906 obtinerent
2003 1893 2018 1919 ,
2060 1858 2307 1920 reliquas-

953 1963 1053 2009 que
1087 1963 1205 2010 pop.
1243 1945 1470 1993 Romani
1509 1944 1804 2007 provincias
1837 1944 2128 1992 incursibus
2160 1943 2305 1994 factis

956 2033 1294 2082 exinanirent.
1326 2031 1496 2091 Quem
1535 2031 1893 2094 gravissimum
1923 2031 2183 2096 literisque
2215 2050 2304 2081 no-

955 2121 1070 2168 stris
1099 2136 1257 2184 prope
1281 2118 1484 2168 fatalem
1508 2135 1680 2168 casum
1703 2119 1892 2168 summi
1914 2118 2150 2168 homines
2171 2119 2301 2183 judi-

954 2207 1132 2272 cioque
1152 2207 1502 2272 eruditissimi,
1536 2209 1583 2256 J.
1606 2209 1652 2259 J.
1668 2209 1855 2259 Reiske
1869 2245 1883 2272 ‚
1913 2209 1959 2256 J.
1978 2208 2077 2256 Th.
2102 2207 2268 2257 Buhle
2288 2245 2303 2273 ‚

951 2295 1166 2360 aliique,
1209 2295 1486 2346 Califarum
1530 2297 1960 2362 Sultanorumque
2007 2297 2304 2346 liberalitate

949 2401 1007 2434 ac
1030 2386 1359 2436 beneficentia
1383 2386 1758 2451 quodammodo
1795 2388 2023 2438 levatum
2066 2404 2170 2436 esse
2192 2387 2302 2451 opi-

948 2474 1053 2523 nati
1078 2481 1222 2536 sunt,
1246 2473 1401 2538 idque
1420 2476 1618 2540 scriptis
1638 2474 1784 2525 editis
1816 2483 2193 2541 exposuerunt:
2216 2477 2301 2523 De

939 2562 1257 2627 principibus
1296 2549 1691 2613 Mahamedanis
1708 2601 1728 2625 ,
1766 2568 1855 2630 qui
1902 2574 1992 2613 aut
2032 2564 2098 2612 ab
2134 2565 2302 2612 erudi-

948 2651 1078 2697 tione
1095 2686 1115 2710 ,
1139 2658 1230 2699 aut
1250 2668 1416 2699 amore
1440 2654 1700 2703 literarum
1719 2662 1767 2701 et
1781 2655 2086 2701 literatorum
2108 2652 2301 2699 clarue-

949 2747 1092 2802 runt,
1135 2741 1322 2805 Lipsioe
1347 2741 1490 2806 1747.
1528 2742 1577 2790 4.
1611 2745 1696 2791 De
1737 2745 1894 2791 studii
1928 2757 2208 2806 groecarum
2236 2741 2302 2787 li-

949 2834 1168 2877 terarum
1189 2832 1332 2894 apud
1354 2830 1556 2883 Arabes
1580 2833 1741 2884 initiis
1763 2840 1811 2882 et
1829 2831 2120 2882 rationibus.
2147 2827 2299 2877 Com-

2141 2923 2298 2968 ment.
