2748 3834
743 2529 825 2563 Quot
838 2526 868 2554 in
877 2525 965 2554 codd.

806 2579 895 2602 extet.

979 487 1146 547 xxxvj
1402 495 1887 530 COMMENTARIUS

979 596 1145 655 jejuna
1179 596 1411 650 excerpta
1441 606 1451 632 ε
1485 589 1696 648 quibus,
1736 593 1998 647 postquam
2033 586 2324 649 urgentibus

983 676 1163 723 Turcis
1187 675 1378 720 literata
1401 670 1593 717 Graecia
1623 671 1676 717 in
1710 670 2034 718 Occidentem
2063 670 2327 720 transfudit

982 778 1106 818 sese,
1144 757 1468 810 Bibliothecae
1492 766 1674 806 nostrae
1700 767 2011 822 postremum
2040 757 2327 823 perfugium

981 848 1320 914 praebuerunt.
1335 846 1429 893 His
1452 844 1511 892 de
1533 848 1782 910 excerptis
1799 848 2088 911 singulatim
2107 866 2245 896 nunc
2262 847 2328 895 di-

985 955 1106 985 cam.
1128 935 1472 998 Suspiciosum
1492 951 1630 991 sane,
1648 942 1695 982 et
1710 936 1883 983 multis
1896 937 2175 983 multorum
2197 953 2328 985 erro-

982 1025 1122 1074 ribus
1145 1023 1490 1086 perturbatum
1510 1024 1767 1086 negotium
1785 1040 1795 1071 2
1819 1023 1904 1072 sed
1923 1043 2087 1088 neque
2105 1026 2326 1072 alienum

981 1129 1009 1158 a
1025 1128 1099 1170 re,
1128 1117 1176 1156 et
1195 1109 1275 1156 cui
1293 1109 1392 1168 jam
1412 1127 1550 1158 nunc
1570 1111 1878 1174 quotidianis
1902 1130 2014 1160 sum
2048 1113 2226 1160 studiis
2250 1129 2327 1159 as-

981 1195 1244 1247 suefactus.
1268 1198 1470 1245 Horum
1491 1199 1646 1262 igitur
1665 1201 2035 1264 Excerptorum
2051 1241 2063 1264 ,
2087 1220 2199 1265 quae
2219 1201 2331 1264 qui-

980 1285 1094 1333 dem
1129 1286 1313 1350 passim
1343 1287 1403 1333 ab
1427 1287 1636 1335 eruditis
1676 1298 2132 1338 commemorantur
2169 1290 2186 1353 (
2210 1306 2327 1337 nam

983 1375 1125 1437 siqua
1145 1373 1272 1422 forte
1307 1375 1473 1423 adhuc
1496 1375 1823 1440 delitescunt,
1866 1379 1926 1426 de
1948 1379 2028 1427 his
2057 1396 2196 1443 agere
2224 1394 2328 1426 non

981 1462 1278 1527 possumus)
1296 1500 1307 1524 ,
1343 1464 1768 1527 quemadmodum
1789 1485 1853 1515 ex
1871 1468 2031 1515 tribus
2052 1467 2188 1531 Lydi
2212 1465 2331 1513 scri-

983 1552 1082 1614 ptis
1129 1561 1465 1601 manaverunt
1489 1591 1501 1616 ,
1559 1555 1629 1602 sic
1681 1556 1774 1603 tria
1825 1556 2033 1603 omnino
2085 1555 2139 1602 in
2187 1552 2329 1602 codd.

982 1641 1164 1704 passim
1184 1659 1361 1705 genera
1385 1654 1656 1708 supersunt
1678 1665 1690 1692 2
1715 1662 1781 1692 ex
1802 1645 1942 1692 libris
1961 1645 2020 1691 de
2043 1645 2328 1703 Mensibus,

983 1729 1043 1775 de
1078 1730 1329 1792 Ostentis,
1379 1731 1440 1778 de
1475 1733 1866 1796 Magistratibus.
1907 1734 2052 1780 Libri
2090 1733 2150 1780 de
2186 1734 2331 1780 Men-

985 1818 1122 1865 sibus
1155 1819 1435 1880 Epitomae‚
1481 1837 1567 1865 seu
1608 1820 2023 1866 Chrestomathiae
2061 1822 2155 1883 (ut
2184 1827 2331 1870 vocat

985 1906 1056 1951 V.
1083 1907 1130 1952 S.
1151 1905 1348 1951 Harles.
1378 1905 1506 1950 Bibl.
1538 1922 1606 1966 gr.
1629 1906 1752 1951 Ysol.
1780 1907 1875 1952 XI.
1913 1925 2019 1968 pag.
2051 1909 2182 1970 440)
2221 1909 2331 1955 duae

987 1999 1131 2044 sunt,
1174 2007 1272 2036 una
1291 1990 1514 2051 longior,
1556 1991 1616 2037 ab
1639 1992 1809 2053 ignoto
1833 1993 2028 2054 aliquo,
2051 1995 2202 2041 altera
2227 1997 2333 2041 bre—

987 2078 1105 2126 vior
1141 2095 1167 2124 a
1201 2077 1433 2124 Maximo
1471 2077 1698 2126 Planude
1735 2079 1974 2128 confecta.
2008 2083 2102 2129 Illa
2135 2083 2331 2146 longior

987 2166 1176 2214 tributa
1208 2172 1279 2211 est
1316 2165 1369 2210 in
1404 2172 1565 2226 partes
1599 2182 1659 2213 IV
1698 2185 1707 2213 :
1744 2170 1905 2231 prima
1936 2169 2080 2217 docet
2112 2170 2172 2216 de
2205 2179 2332 2218 tem-

988 2271 1136 2319 pore,
1170 2252 1465 2314 generaliter
1489 2270 1499 2296 :
1526 2253 1678 2301 altera
1703 2255 1765 2303 de
1798 2257 1878 2305 die
1904 2277 1912 2304 :
1939 2260 2083 2306 tertia
2117 2258 2176 2306 de
2210 2260 2330 2305 luna

989 2350 1035 2390 et
1056 2341 1336 2400 mensibus,
1373 2343 1668 2403 generaliter
1692 2361 1700 2387 τ
1724 2353 1898 2407 quarta
1919 2364 2112 2394 menses
2136 2365 2225 2393 suo
2249 2364 2331 2394 or-

989 2429 1104 2476 dine-
1127 2428 1458 2491 persequitur.
1480 2431 1602 2477 Haec
1624 2430 1856 2493 Epitome
1882 2435 2059 2497 incipit
2080 2453 2106 2482 a
2138 2436 2301 2483 verbis
2317 2473 2329 2493 ‚

989 2514 1124 2583 ὀρθῶς
1155 2525 1234 2581 ἄρα
1265 2521 1298 2562 οἱ
1329 2522 1467 2579 μυθικὰ
1508 2521 1641 2573 [sie]
1670 2525 1734 2566 τὸν
1766 2527 1929 2585 Κρόνον·
1956 2524 2167 2581 desinit,
2213 2530 2230 2570 ὁ
2266 2528 2330 2579 δη-

989 2610 1207 2670 μιουργικὸς
1236 2611 1394 2669 ἀριθμὸς
1423 2610 1667 2669 ὀνομάζεται.
1690 2608 1866 2671 Extat,
1903 2613 1983 2658 Vel
2010 2622 2140 2659 certe
2165 2615 2333 2661 extitit

990 2716 1096 2747 saec.
1131 2712 1252 2745 xvn
1277 2705 1324 2744 et
1357 2713 1524 2757 xvm,
1567 2699 1619 2745 in
1652 2700 1947 2762 apographis
1968 2704 2192 2765 quinque
2228 2703 2332 2751 his:

995 2787 1060 2852 1.)
1083 2789 1135 2837 in
1162 2786 1282 2836 Cod.
1305 2803 1526 2839 chxvn
1549 2789 1873 2839 Bibliothecae
1892 2790 2175 2840 Barberinae
2196 2793 2334 2858 (Bar-
