2748 3834
635 532 1012 567 nmpunmcnz
1049 531 1315 566 ROMANAE
1348 532 1450 565 Lm.
1488 533 1547 564 11.
1681 503 1772 583 11⁵7

405 605 590 656 fectum
615 604 850 671 praetorio
874 601 1035 650 delata
1048 637 1062 662 ‚
1082 604 1280 650 necesse
1299 603 1400 649 fuit
1419 605 1578 672 magis
1606 602 1777 657 efferri

404 685 748 750 magistratum
756 718 769 743 ,
781 681 935 730 armis
945 678 1184 745 adjuncta
1198 677 1429 727 civilium
1442 686 1614 728 rerum
1625 682 1778 733 admi.

403 762 704 811 nistratione
741 778 752 807 z
785 758 951 808 nihilo
970 775 1090 807 vero
1113 758 1289 806 minus
1309 757 1517 824 vestigia
1547 757 1776 824 quadam

403 841 629 907 magistri
638 840 872 905 equitum
887 838 1117 886 muneris
1127 873 1141 898 ‚
1150 852 1302 903 parva
1313 835 1653 887 intercedente
1666 845 1780 889 mu-

403 920 593 967 tatione
611 954 625 978 ,
653 918 700 965 ei
724 925 1036 965 manserunt.
1064 914 1322 963 Manduen
1347 916 1486 963 enim
1515 914 1778 983 praefectus

400 993 856 1064 praetorio'gerebat
870 997 1021 1043 Coa'm
1047 993 1167 1059 (illa
1189 995 1384 1060 quippe
1402 993 1598 1055 insula‚'
1618 991 1776 1062 eaque

400 1075 521 1135 sola,
535 1084 642 1123 arte
655 1075 942 1122 saturatiori
960 1074 1182 1140 puniceo
1195 1073 1363 1122 colore
1381 1071 1644 1123 inficiendi
1658 1073 1777 1124 cele-

399 1150 507 1200 bris
533 1151 657 1200 olim
676 1150 776 1202 fuit
800 1170 811 1199 ε
839 1168 957 1200 nam
985 1153 1077 1218 qui
1092 1150 1335 1222 'flammeo
1359 1152 1505 1218 quasi
1537 1153 1775 1219 propior,

399 1230 704 1296 clariorque,
722 1246 753 1278 a
764 1229 961 1278 Parthis
974 1231 1213 1278 inventus
1226 1238 1300 1278 est
1315 1247 1328 1289 ;
1342 1228 1480 1279 unde
1494 1230 1645 1278 etiam
1663 1247 1774 1297 par-

402 1310 538 1359 thica
574 1308 731 1377 'pelles
754 1309 990 1360 flammeo
1021 1310 1188 1359 colore
1209 1311 1377 1359 tinetae
1400 1309 1661 1359 dicuntur.
1689 1314 1776 1362 Est

398 1400 571 1439 autem
593 1390 840 1439 mandues
855 1390 1136 1456 chlamydis
1149 1405 1336 1456 genus,
1357 1388 1497 1456 quod
1518 1388 1772 1438 mantiam

399 1468 583 1535 vulgus
605 1469 847 1536 adpellat,
870 1468 935 1518 ab
959 1469 1188 1518 humeris
1210 1467 1522 1518 baud'altius
1536 1484 1695 1536 quam‘
1709 1469 1775 1519 ad

404 1563 569 1614 genua
590 1546 932 1613 promissum)
947 1583 961 1605 ‚
975 1546 1086 1596 'non
1107 1547 1405 1613 segmentiS‚
1427 1546 1514 1596 sed
1532 1547 1773 1610 sinubus,

402 1641 528 1689 quas
563 1624 742 1672 taulias
772 1621 1044 1689 (tabulas)
1065 1623 1205 1690 apud
1239 1639 1335 1672 nos
1367 1611 1548 1677 vocant
1564 1664 1578 1687 ‚
1627 1627 1772 1676 orna-

401 1712 529 1762 tam3
573 1702 674 1751 illis
709 1704 848 1751 enim
883 1711 1065 1751 ornare
1083 1703 1294 1752 'vestem
1318 1703 1516 1751 nemini
1551 1706 1650 1752 nisi
1667 1692 1772 1754 'uni

399 1777 575 1828 Caesari
592 1778 796 1829 licebat.
815 1779 1080 1846 Seg'menta
1099 1782 1270 1829 autem
1295 1796 1475 1830 aureos
1495 1780 1661 1830 clavos
1680 1785 1772 1832 Ro-

398 1859 539 1906 mani
554 1857 719 1906 solent
732 1858 983 1924 adpellare
995 1894 1009 1918 ,
1027 1855 1251 1924 utsupra
1265 1858 1502 1908 diximus.
1519 1862 1631 1909 Haec
1646 1859 1774 1909 chla-

397 1953 524 1997 mys.
556 1935 870 1984 Accedebant
891 1935 1215 2002 paragaudia,
1230 1935 1407 1984 tunica
1420 1953 1680 2003 purpurea
1694 1975 1708 2000 ,
1723 1944 1774 1988 et

393 2011 643 2061 balteus'e
667 2010 807 2060 corio
830 2011 1079 2078 puniceo,
1110 2013 1318 2068 sibimet*
1338 2014 1694 2078 adglutiriait'o,⁴
1713 2012 1774 2065 ex

394 2084 511 2140 imis
532 2107 653 2142 vero
677 2084 928 2140 'lateribus
961 2091 1109 2142 tenui
1132 2082 1313 2139 sutura·
1333 2089 1597 2139 ⁴subtiliter
1614 2091 1774 2140 elabo-

393 2179 533 2218 ratus
550 2206 563 2229 ‚
593 2168 889 2235 habensque
906 2167 1345 2235 in-sinistra'pa'rte
1360 2168 1596 2217 lunulam
1617 2187 1774 2235 quan·-

394 2245 509 2294 dam
533 2247 769 2306 auream,
800 2248 855 2295 in
882 2247 1231 2299 altera‘autem
1257 2247 1504 2312 lingulam
1527 2284 1540 2308 ,
1572 2250 1771 2296 sivein·

394 2325 662 2372 sertorium
676 2361 690 2385 ‚
711 2326 902 2390 pariter
918 2327 1146 2385 auream,
1167 2325 1223 2373 in
1242 2330 1351 2374 'uvae
1369 2323 1589 2373 formam·
1602 2324 1771 2375 elabo-

394 2411 554 2450 ratam
573 2439 585 2461 ‚
609 2402 680 2451 ob'
692 2419 801 2451 eam
819 2419 973 2470 quam
995 2405 1051 2452 in
1072 2405 1225 2471 opere
1239 2403 1303 2451 de
1321 2403 1590 2453 mensibus
1599 2404 1772 2453 retuli*

392 2497 509 2530 mus
519 2480 776 2533 'rationem
799 2500 810 2530 τ
828 2484 945 2548 quae'
957 2483 1166 2549 quidem
1183 2482 1378 2549 lingula
1396 2487 1426 2531 a
1442 2483 1613 2532 d‘extra
1625 2483 1644 2547 j
1647 2484 1771 2548 p'nc-

393 2567 443 2607 ta
462 2595 476 2617 ,
512 2559 808 2627 lunulaeque
837 2562 1097 2628 imposita,
1126 2560 1273 2610 firme
1300 2562 1459 2629 cingit
1489 2571 1768 2627 gerentem,

395 2632 554 2702 fibula
572 2673 585 2696 ‚
610 2648 660 2686 et
681 2640 787 2706 ipsa
798 2657 948 2688 aurea
961 2675 975 2700 ,
997 2640 1167 2689 lorum
1188 2640 1453 2689 mordente
1470 2677 1484 2700 ‚
1512 2655 1767 2705 uvamque

396 2727 515 2760 cum
544 2712 724 2764 lunula
745 2718 1104 2784 conjungente.
1131 2708 1363 2767 Fibulam
1387 2718 1525 2774 illam
1548 2718 1764 2767 Romani

451 2817 503 2871 4)
530 2819 641 2874 Lego
664 2830 732 2862 τῶν
762 2825 807 2863 δ’.
862 2823 909 2874 5)
936 2827 1061 2865 Forte
1081 2826 1297 2879 legendum
1316 2834 1480 2880 πτυχῶν.
1549 2870 1553 2875 ,

450 2883 499 2934 6)
527 2883 638 2938 Lego
650 2888 842 2940 εὐωνύμοὺ.
900 2889 1161 2942 vde-aivam.
1174 2890 1281 2932 Vide
1294 2890 1340 2930 in
1356 2886 1556 2944 prooemio
1571 2895 1707 2930 notam
1722 2890 1761 2932 3.
