2748 3834
928 454 979 518 h'j
1070 448 1079 454 ’
1355 468 1842 504 COMMENTARIUS

926 583 1076 628 quam
1093 562 1455 611 Bibliothecam
1474 563 1750 609 Palatinam
1767 559 2100 624 Heidelberga
2114 561 2169 608 in
2190 579 2271 609 ur·

926 652 1036 698 bem
1053 650 1157 711 ipse
1174 647 1512 701 transtulerat,
1538 647 1785 694 minorem
1806 663 1832 693 a
1848 646 2077 693 Planude
2092 646 2272 694 factam

923 738 974 784 in
999 734 1118 782 Cod.
1136 734 1363 782 Palatino
1385 749 1507 781 cht
1531 751 1645 782 :nec
1666 734 1838 782 minus
1863 734 2088 797 primum
2108 740 2156 780 et
2178 741 2272 780 ter·

922 823 1049 870 tium
1092 820 1428 886 fragmentum
1472 820 1589 868 libri
1631 819 1691 869 de
1730 822 1954 869 Ostentis
1984 837 1993 866 :
2024 821 2271 869 nimirum

922 910 1309 974 Ephemeridem
1326 909 1522 973 Nigidii
1547 909 1716 973 Figuli
1738 910 1792 958 in
1812 910 2043 958 Palatino
2065 924 2237 956 cccxu
2252 946 2265 971 ‚

921 997 1282 1045 Kalendarium
1318 997 1390 1043 Cl.
1423 996 1581 1045 Tusci
1617 997 1671 1045 in
1707 997 1983 1046 Barberino
2026 1010 2267 1045 CLXXVII.

923 1085 1049 1143 Quae
1074 1101 1134 1131 an
1157 1084 1326 1131 omnia
1349 1081 1496 1131 edere
1518 1083 1770 1146 voluerit,
1796 1102 1900 1132 non
1917 1091 2136 1132 constat:
2161 1101 2267 1131 ma-

916 1174 1074 1234 jorem
1100 1169 1367 1233 Epitomen
1392 1170 1511 1219 libri
1532 1170 1592 1218 de
1606 1170 1871 1219 Mensibus
1891 1171 2114 1220 voluisse
2137 1170 2266 1218 indi-

921 1265 996 1304 cat
1018 1258 1042 1303 I
1049 1255 1283 1303 ridiculus
1303 1261 1533 1320 Συμμίκτων
1548 1258 1677 1322 ejus,
1710 1258 1772 1305 ab
1788 1256 1990 1305 Andrea
2006 1257 2267 1306 Peschiul-

918 1347 989 1394 lio
1029 1347 1207 1393 Romae
1235 1345 1377 1398 1668.
1415 1348 1461 1396 4.
1495 1346 1628 1395 foras
1661 1344 1831 1404 datus,
1867 1364 1895 1394 a
1929 1347 2266 1410 Fabricioque

918 1450 1123 1481 recusus
1146 1432 1275 1480 Bibl.
1296 1450 1369 1497 gr.
1396 1434 1519 1482 Vol.
1541 1433 1695 1482 XIV.
1720 1449 1828 1497 pag.
1850 1449 1958 1481 1-21
1985 1451 1995 1480 :
2019 1434 2107 1481 ubi
2132 1434 2267 1481 inter

919 1538 1002 1583 ea,
1037 1520 1223 1583 quibus
1246 1520 1436 1570 librum
1470 1528 1708 1585 quartum
1739 1520 2138 1583 Symmictorum
2170 1526 2265 1566 ter-

919 1610 1110 1658 minare
1146 1616 1383 1669 statuerat
1421 1610 1668 1671 Allatius,
1705 1607 2030 1671 reperiuntur
2070 1624 2177 1671 pag.
2202 1606 2263 1671 6,

917 1698 1015 1746 No.
1035 1697 1097 1754 46
1116 1714 1144 1744 c(
1164 1716 1223 1746 ex
1237 1696 1432 1746 Jo'anne
1449 1697 1892 1760 Philadelphiensi
1910 1706 2157 1760 excerpta,
2170 1699 2264 1744 inc.

918 1780 1057 1851 ὀρθῶς
1080 1794 1158 1850 ἄρα
1181 1790 1216 1832 οἱ
1243 1791 1291 1832 τὰ
1314 1791 1456 1847 μυθικὰ
1484 1791 1550 1833 τὸν
1580 1790 1734 1848 Κρόνον
1762 1786 1851 1836 τοὺς
1884 1788 2021 1832 ἑαυτοῦ
2052 1786 2262 1837 παῖδας»

919 1872 1055 1937 quod
1069 1889 1173 1920 esse
1186 1871 1392 1919 initium
1406 1869 1608 1932 majoris
1623 1869 1761 1916 illius
1775 1869 2021 1932 Epitomae
2034 1888 2077 1934 p.
2093 1872 2263 1935 xxxvj

918 1957 1391 2008 demonstravimus.
1425 1954 1522 2002 Sed
1551 1954 1741 2002 Allatio
1765 1971 1807 2001 a.
1837 1953 1966 2017 1669
1991 1963 2103 2018 post
2129 1957 2261 2005 labo·

916 2045 1191 2095 riosissime
1225 2050 1383 2091 actam
1416 2043 1576 2092 vitam
1609 2040 1863 2104 extinctu,
1892 2059 2068 2090 rursus
2102 2061 2262 2092 crassa

916 2133 1127 2198 quaedan
1171 2132 1428 2179 Vaticanae
1457 2129 1781 2178 Bibliothecae
1798 2129 1956 2179 offusa
1976 2132 2134 2196 caligo
2157 2141 2229 2181 est
2249 2150 2259 2180 :

859 2210 864 2214 ⁴
916 2220 1053 2285 quod
1082 2220 1171 2282 qui
1204 2218 1249 2265 ei
1277 2219 1514 2282 proxime
1555 2225 1930 2280 successerunt,
1966 2220 2197 2270 siminus
2233 2239 2261 2270 a

915 2308 1170 2369 doctrina,
1192 2313 1324 2355 certe
1344 2307 1405 2355 ab
1416 2306 1664 2355 industria
1674 2306 1777 2370 ejus
1795 2306 2015 2356 multum
2035 2309 2259 2358 aberant:

914 2414 1011 2447 nec
1031 2396 1117 2444 illa
1142 2395 1196 2443 in
1221 2401 1334 2443 octo
1360 2394 1660 2459 posteriores
1685 2394 2082 2459 Symmictorum
2103 2396 2261 2446 libros

914 2481 1175 2534 referenda
1190 2481 1251 2530 ad
1267 2496 1449 2530 cnxxv
1468 2489 1567 2529 tam
1587 2497 1742 2552 graeea
1766 2497 1918 2544 quam
1942 2481 2094 2531 latina
2115 2501 2257 2548 opus·

916 2573 1055 2634 cula,
1090 2587 1308 2635 quorum
1337 2569 1577 2634 pleraque
1601 2586 1667 2617 ne
1694 2567 1846 2616 hodie
1868 2568 2073 2633 quidem
2093 2572 2258 2622 lucem

914 2658 1185 2721 viderunt,
1221 2673 1315 2706 nec
1350 2673 1572 2720 unquam
1610 2654 1890 2715 videbunt,
1937 2664 2046 2706 tum
2079 2668 2196 2708 sunt
2229 2678 2257 2709 e

915 2748 1217 2798 scriniorum
1258 2745 1477 2794 tenebris
1514 2745 1576 2793 ab
1610 2761 1670 2793 eo
1712 2751 1868 2793 eruta·
1907 2745 2033 2796 Item
2073 2748 2258 2798 instru-
