2748 3834
568 504 943 540 umrnnucan
976 504 1396 540 Romanarum
1431 506 1491 540 rr.
1597 494 1719 556 ‘147

359 579 571 644 scriptos
592 578 814 645 reliquit.
841 578 1180 626 Simulacrum
1214 581 1371 643 igitur
1398 596 1509 628 eam
1537 588 1588 629 et
1618 595 1726 647 spe·

361 660 488 706 ciem
507 658 709 707 obscuri
725 657 942 724 exempli
961 657 1024 706 ad
1042 657 1182 707 illam
1201 673 1304 707 esse
1319 657 1580 724 judicans,
1600 658 1729 708 duos

363 739 410 787 ei
432 749 666 805 praetores
684 737 916 788 sufficere
937 737 1211 786 arbitratus
1233 748 1307 787 est
1324 775 1338 799 ‚
1364 747 1574 805 propter
1598 739 1733 788 inco-

364 816 530 865 larum
555 827 606 865 et
625 833 887 866 causarum
908 817 1228 883 paucitatem.
1242 819 1280 864 E
1296 816 1545 884 phalange
1563 817 1734 883 itaque

367 894 510 943 urbis
532 899 700 944 Romae
727 905 1003 961 praetorum
1027 894 1322 944 tutelarium
1347 904 1557 944 creat....
1586 893 1733 947 illum

369 974 791 1021 Constantianum
807 1010 820 1033 ‚
853 973 997 1021 hunc
1020 974 1318 1039 magistrum
1343 989 1523 1022 census
1542 971 1620 1032 (id
1641 982 1737 1033 est,

367 1050 654 1116 archetypis
688 1052 1042 1100 instrumentis
1065 1053 1426 1119 praepositum3
1469 1051 1590 1118 quia
1622 1067 1737 1099 cen-

368 1145 485 1179 sum
543 1139 726 1180 vooent
772 1131 1233 1179 instrumentorum
1277 1128 1697 1197 perscriptionem
1725 1164 1740 1189 ‚

372 1224 527 1274 quam
555 1207 765 1270 eandem
786 1219 835 1257 et
858 1219 1045 1276 regesta
1065 1209 1277 1269 dicunt)
1305 1207 1604 1275 adpellavit3
1631 1207 1743 1255 scri·

373 1287 596 1353 bamque
632 1287 743 1348 illi,
779 1288 831 1336 id
861 1299 934 1337 est
951 1326 965 1349 ‚
1006 1299 1319 1356 exceptorem
1341 1324 1354 1348 ,
1397 1298 1447 1335 et
1488 1285 1744 1335 censuales

374 1365 523 1426 huic,
561 1365 613 1414 id
634 1377 735 1428 est,
769 1368 1244 1429 instrumentarios,
1287 1366 1525 1433 adparere
1561 1364 1739 1414 voluit.

373 1446 551 1493 Nostra
582 1455 752 1492 autem
787 1449 945 1495 Roma
979 1449 1071 1507 (sit
1100 1446 1237 1495 dicto
1272 1443 1482 1504 venia!)
1525 1445 1744 1510 primam

375 1522 500 1570 adeo
522 1525 749 1588 potentia
772 1524 1074 1574 obscurante
1089 1538 1113 1586 ,ᾗ
1146 1526 1374 1591 optimus
1400 1533 1569 1571 noster
1590 1524 1746 1588 impe·

377 1610 514 1649 rator
538 1600 736 1650 urbano
756 1603 906 1651 etiam
929 1614 1143 1671 praetore
1158 1620 1290 1670 opus
1306 1597 1414 1665 esse
1429 1594 1750 1666 duxit.'Creat

377 1681 550 1747 itaque
568 1696 686 1728 enm
702 1718 716 1742 ‚
751 1697 949 1749 suoque
969 1683 1179 1732 nomine
1193 1676 1451 1742 xillustrat„⁴
1476 1676 1630 1747 simul
1651 1680 1749 1745 ‘po‘-

376 1757 491 1824 puli
507 1757 686 1807 delicta
705 1764 1050 1826 aggressurus,
1064 1760 1224 1822 simul
1244 1755 1592 1828 praefecturam
1608 1753 1752 1821 urbis

380 1836 626 1887 immensa
649 1838 887 1888 curarum
912 1839 1047 1890 mole
1071 1841 1325 1908 sapienter
1346 1832 1545 1888 levans?
1639 1860 1643 1861 ⁷
1713 1831 1717 1835 ⁴

1468 2953 1572 3013 19²
