2748 3834
697 543 1077 579 amputatos!
1110 542 1378 577 nonnula
1411 545 1519 580 Lu.
1555 548 1643 582 11¹.
1754 551 1846 585 201

488 617 701 667 multam
711 617 1043 684 cognovimus
1052 631 1155 665 esse
1167 633 1286 666 cum
1302 616 1564 668 literarum
1576 621 1855 687 seientiam,

487 706 600 744 tum
623 696 679 744 in
698 695 1036 764 grammaticis
1052 710 1265 744 acumen
1281 731 1294 757 ,
1311 705 1423 745 tum
1443 698 1498 745 in
1518 699 1729 764 poeticis
1744 716 1858 752 sua·

456 816 468 836 ᾖ
487 774 719 835 vitatem,
743 773 999 840 aliamque
1033 772 1144 838 ejus
1179 772 1517 841 multiplicem
1540 774 1823 828 doctrinam
1839 814 1855 841 ,

487 861 538 900 et
558 850 819 918 quomodo
837 853 1185 900 Romanorum
1213 850 1442 919 linguam
1468 854 1575 903 suis
1598 854 1857 909 laboribus

486 928 881 996 splendidiorem
907 928 1182 978 reddiderit
1204 947 1215 977 :
1241 926 1474 997 quamvis
1489 932 1672 984 militia
1693 937 1750 985 in
1777 939 1858 987 tui

489 1006 731 1056 culminis
751 1002 962 1071 judiciis
986 1022 1105 1055 cum
1132 1006 1280 1056 laude
1298 1007 1593 1076 fungentem
1609 1049 1624 1073 ,
1640 1013 1859 1064 voluisse

486 1094 668 1151 praeter
681 1101 790 1133 eam
811 1084 954 1133 libris
970 1101 1179 1151 quoque
1200 1088 1356 1135 vitam
1370 1088 1662 1155 impendere
1674 1128 1688 1152 ,
1703 1110 1858 1161 seque

490 1172 657 1211 totum
692 1163 851 1212 literis
877 1162 1056 1212 dicare.
1095 1163 1188 1212 Ad·
1207 1174 1398 1214 tantam
1433 1168 1592 1233 igitur
1614 1171 1856 1222 virtutem

489 1238 832 1308 progressum,
854 1241 1220 1291 inhonoratum
1249 1243 1564 1311 relinquere,
1583 1247 1860 1315 indignum

487 1321 807 1387 temporibus
853 1322 1039 1370 nostris
1070 1321 1380 1386 judicantes,
1420 1325 1727 1391 imperamus
1766 1338 1859 1378 tuo

489 1399 732 1461 culmini,
755 1391 855 1450 hoc
876 1401 923 1448 ei
943 1400 1006 1448 de
1026 1399 1236 1466 publico
1255 1401 1390 1452 dare.
1407 1403 1539 1453 Sciat
1557 1421 1677 1454 vero
1694 1407 1858 1456 nomi-

491 1488 640 1526 natus
672 1479 1074 1544 sapientissimus
1097 1480 1196 1540 vir,
1217 1495 1311 1529 nos
1327 1479 1425 1530 hoc
1446 1481 1566 1530 satis
1588 1498 1695 1531 non
1718 1482 1859 1533 habi-

492 1567 657 1619 turos,
676 1557 762 1606 sed
781 1567 831 1605 et
851 1555 1186 1624 dignitatibus
1203 1574 1322 1607 eum
1342 1569 1392 1609 et
1414 1559 1858 1625 majoribussacris
1924 1615 1925 1618 ,

491 1634 793 1684 muneribus
813 1634 1069 1696 culturos,
1087 1637 1329 1702 ineptum
1359 1646 1678 1704 reputantes,
1707 1639 1858 1689 talem
1912 1670 1914 1672 -

491 1713 780 1763 facundiam
799 1724 901 1763 tam
916 1732 1074 1782 parvo
1088 1717 1296 1783 praemio
1322 1715 1548 1783 dignari:
1566 1716 1860 1768 laudaturos

492 1809 610 1842 eum
623 1830 636 1854 ‚
668 1795 712 1843 si
732 1804 782 1844 et
799 1811 918 1844 cum
938 1794 1116 1844 multis
1131 1794 1244 1844 aliis
1260 1787 1404 1844 suam
1422 1798 1770 1846 communicet
1790 1795 1859 1845 fa·

493 1872 748 1922 cultatem.
766 1894 791 1919 ι)
808 1875 896 1922 His
910 1874 1154 1923 adsensus
1167 1883 1280 1923 tum
1302 1873 1421 1924 urbi
1438 1874 1725 1940 praefectus,
1740 1891 1861 1924 cum

491 1950 623 1999 mihi
637 1951 809 2000 locum
825 1954 1076 2017 magistris
1094 1953 1404 2002 destinatum
1418 1989 1432 2015 ,
1453 1955 1508 2001 in
1528 1953 1643 2002 aula
1667 1946 1866 2020 Ca'pito-

490 2029 597 2078 lina
611 2066 625 2090 ,
639 2028 900 2078 tribuisset
912 2064 926 2089 ‚
945 2027 1182 2077 militiam
1199 2029 1426 2078 retinens
1439 2063 1454 2089 ,
1472 2027 1742 2089 docebam,
1766 2046 1868 2085 nia-2

489 2126 724 2178 gnusque
743 2108 875 2158 mihi
893 2124 1151 2175 coeperam
1165 2107 1342 2171 videri.

560 2189 640 2237 30.
676 2189 870 2237 Militiae·
889 2190 1109 2242 ⁴interim
1149 2198 1400 2253 tempore,
1433 2188 1577 2237 nulla
1614 2190 1866 2254 graduum
1901 2191 1906 2196 ’

493 2266 816 2315 redituumve
837 2267 1228 2325 imminutione,
1255 2265 1400 2330 quasi
1424 2265 1620 2314 occulte
1643 2265 1866 2327 labente,

493 2344 558 2393 ad
577 2343 734 2393 finem
754 2342 947 2392 militiae
964 2343 1188 2409 perveni.
1207 2345 1269 2390 Et
1290 2351 1544 2408 quantum
1567 2343 1776 2408 quidem
1804 2343 1868 2392 ad

493 2422 651 2483 lucra,
661 2422 807 2489 quasi
816 2423 1032 2492 omnino
1045 2438 1152 2470 non
1169 2421 1479 2482 militassem‚
1493 2422 1686 2482 transii3
1700 2421 1869 2470 honor

495 2509 666 2550 autem
689 2499 820 2549 mihi
838 2501 1052 2566 contigit
1065 2537 1078 2561 ,
1095 2510 1146 2548 et
1163 2517 1193 2548 a
1217 2499 1541 2566 principibus
1559 2501 1837 2549 reverentia
1852 2519 1866 2560 ;

497 2590 569 2640 et,
589 2579 730 2645 quod
753 2596 872 2628 sane
890 2581 1126 2629 omnium
1139 2579 1491 2629 dulcissimum
1507 2616 1520 2640 ,
1537 2578 1863 2646 tranquillam

497 2675 590 2725 per
627 2659 784 2706 vitam
822 2661 1040 2707 cucurri.
1082 2660 1470 2725 Sapientissima·
1495 2674 1614 2706 vero
1648 2658 1865 2722 justitia,

497 2736 646 2802 justis
662 2751 743 2784 me
769 2737 1033 2786 consolans
1050 2736 1244 2801 modis,
1266 2735 1538 2797 militibus,
1566 2746 1625 2784 ut
1650 2735 1755 2782 dixi
1786 2750 1862 2781 ve-

503 2813 777 2862 nerabilem
805 2830 886 2862 me
909 2815 1145 2880 praebuit,
1172 2826 1222 2863 et
1236 2814 1573 2889 xprincipibus
1595 2830 1701 2862 non
1734 2811 1861 2859 indi·

556 2918 606 2967 4)
631 2911 713 2971 μηδ’
731 2920 781 2958 ὲν.
795 2915 895 2957 Cod-
913 2912 1037 2970 μηὸὶνζ
1630 2974 1662 3024 6
1692 2975 1694 2979 y

1598 2995 1624 3025 2
