2748 3834
636 528 1001 563 nmmmchE
1035 529 1298 562 nonnul
1332 530 1432 563 un.
1465 531 1500 562 1.
1689 531 1750 581 77

393 691 740 726 ΒΕΟΕΜΥΙΒΔῘᾸδ
773 693 1023 736 ΡΟΤΕὸΤΔὸ,
1057 693 1190 733 Qum
1224 666 1351 726 ITAssI
1381 692 1754 728 mmmm

914 769 1202 821 JOCABAM‘.

469 910 548 970 45.
582 909 777 960 Deinde
794 945 808 969 ,
833 925 951 957 cum
978 911 1162 959 iterum
1182 926 1210 959 a
1229 910 1375 978 plebe
1392 912 1638 978 primores
1657 911 1752 961 dis-

393 990 641 1038 sentirent
655 1024 669 1047 ,
701 989 966 1036 communi
983 986 1221 1054 suffragio
1243 990 1427 1040 amotis
1443 989 1753 1053 consulibus,

394 1066 566 1122 decem
600 1065 967 1131 legislatoribus
1011 1083 1182 1115 curam
1225 1066 1512 1133 reipublicae
1549 1063 1753 1115 ma'nda-

394 1153 531 1192 runt.
556 1142 633 1191 Ab
659 1160 797 1194 anno
812 1155 981 1193 autem
1006 1161 1035 1193 a
1056 1145 1322 1195 consulatu
1340 1147 1639 1212 sexagesimo
1661 1162 1753 1212 per

391 1239 553 1271 annos
576 1225 976 1290 quinquaginta,
1002 1220 1153 1274 modo
1178 1224 1400 1273 tribunis
1423 1223 1753 1284 militaribus,

393 1302 547 1352 modo
568 1303 904 1369 interregibus
926 1306 1130 1364 creatis,
1162 1304 1453 1370 perturbata
1476 1314 1549 1353 est
1581 1319 1751 1369 respu-

393 1379 538 1429 blica.
562 1384 692 1429 Tum
714 1381 883 1446 primo
908 1382 1157 1431 militibus
1173 1418 1185 1441 ,
1218 1384 1310 1448 qui
1330 1392 1474 1431 antea
1497 1382 1563 1430 de
1581 1398 1674 1429 suo
1701 1396 1754 1428 se

396 1460 451 1506 in
493 1458 628 1507 bello
668 1470 1102 1522 sustentaverant,
1146 1470 1342 1512 certum
1379 1459 1692 1527 stipendium
1726 1474 1755 1505 e

393 1536 602 1602 publico
630 1537 821 1585 datum.
845 1539 1039 1587 Deinde
1064 1540 1480 1605 quinquennium
1507 1537 1757 1586 adflictata

396 1616 600 1676 civitas,
636 1619 870 1684 principe
889 1635 1062 1668 carens
1081 1640 1094 1680 3
1117 1621 1405 1685 iterumque
1425 1611 1656 1667 co‘nsules
1669 1631 1685 1679 3
1699 1633 1757 1667 ac

396 1693 632 1759 deinceps
657 1704 879 1759 quatuor
901 1687 1091 1757 aediles,
1125 1696 1230 1744 duo
1247 1712 1475 1744 censores
1490 1733 1503 1757 ,
1529 1695 1757 1761 alterque

394 1781 577 1836 praetor
592 1788 619 1819 e
636 1773 859 1837 patriciis
876 1775 1026 1822 creati
1041 1792 1055 1834 ;
1073 1785 1351 1840 rursusque
1366 1773 1509 1839 plebs
1524 1775 1759 1840 quinque

394 1865 610 1914 augures
645 1846 706 1897 et*
733 1860 954 1915 quatuor
985 1850 1253 1917 pontifices
1293 1852 1570 1899 constituit.
1609 1854 1760 1899 Anno

395 1936 566 1975 autem
591 1943 620 1973 a
638 1926 904 1974 consulatu
925 1927 1271 1976 ducentesimo
1290 1929 1592 1993 sexagesimo
1612 1929 1762 1994 tertio

393 2003 519 2050 alter
541 2013 724 2066 praetor.
745 2014 942 2051 creatus
965 2015 1066 2061 est,
1102 2006 1201 2065 qui,
1219 2006 1499 2074 peregrinis
1518 2006 1604 2068 jus
1632 2006 1763 2054 dice·

394 2087 484 2127 ret.
521 2078 732 2124 Annum
757 2084 992 2141 praetores
1021 2076 1077 2123 in
1106 2075 1534 2141 magistr-amnon
1561 2081 1773 2134 excede-¹

393 2157 531 2205 bant.
546 2154 622 2202 Ad
637 2156 873 2203 Caesarem
888 2171 1006 2202 vero
1022 2170 1184 2219 usque
1200 2169 1278 2201 res
1291 2152 1496 2201 bellicas
1509 2156 1758 2217 consuleS,

396 2234 690 2283 domesticas
710 2232 879 2283 civiles
901 2233 1219 2299 magistratus
1239 2231 1674 2283 administrarunt.
