2748 3834
835 1320 868 1365 *)
883 1321 922 1353 ο.

838 1363 923 1403 f.68,

826 1419 866 1452 ,PC
885 1420 917 1441 vn

951 508 1046 539 200
1262 505 1391 535 1301
1424 504 1494 532 DE
1529 501 1996 533 MAGISTRATIBUS

947 583 1089 629 πολλὴν
1109 579 1178 637 μὲν
1204 577 1384 632 σύνισμεν
1408 577 1476 621 τὴν
1504 574 1543 616 ἐν
1569 574 1700 631 λόγοις
1725 572 1923 627 παιδείαν,
1952 577 2021 619 τήν
2046 587 2088 616 τε
2102 567 2151 615 ’ἐν
2179 588 2305 632 γραμ-

946 657 1117 715 ματικοῖς
1145 652 1361 712 ἀκρίὸειαν,
1379 655 1447 697 τήν
1465 667 1506 694 τε
1529 649 1568 692 ἐν
1588 652 1764 699 ποιηταῖς
1793 645 1832 689 ¹)
1854 654 1992 712 χάριν,
2015 649 2080 694 καί
2100 651 2168 697 τὴν
2185 648 2306 699 ἄλλην

946 733 1066 776 αὐτοῦ
1089 730 1377 786 πολυμάθειαν,
1404 726 1468 770 καὶ
1486 729 1591 775 ὅπως
1611 729 1681 774 τὴν
1703 717 1894 785 Ῥωμαίων
1919 730 2046 788 φωνὴν
2068 729 2148 776 τοῖς
2165 726 2305 769 ἑαυτοῦ

948 811 1078 855 πόνοις
1109 802 1284 854 ἀπέδειξε
1306 805 1553 865 σεμνοτέραν·
1576 804 1702 849 καίτοι
1725 811 1793 853 τῆς
1821 804 2004 865 ςρατείας
2034 803 2140 863 αὐτῷ
2169 809 2236 852 τῆς
2266 801 2305 844 ἐν

947 885 1025 931 τοῖς
1053 881 1294 942 δικαςηρίοις
1317 888 1391 930 τῆς
1415 888 1484 931 σῆς
1507 880 1703 942 ὑπεροχῆς
1732 881 1853 942 ὀρθῶς
1884 881 2118 942 φερομένης,
2146 879 2307 923 ἑλέσθαι

947 958 1027 1020 μετ’
1049 959 1168 1009 αὐτῆς
1188 958 1251 1003 καὶ
1272 960 1338 1004 τὸν
1363 958 1402 1002 ἐν
1431 956 1597 1016 βιὸλίοις
1623 960 1791 1006 ἀσκῆσαι
1814 958 1925 1015 βίον,
1954 958 2019 1002 καὶ
2051 959 2140 1001 ὅλον
2171 957 2306 1000 ἑαυτὸν
2342 989 2346 992 -

947 1039 1138 1082 ἀναθεῖναι
1153 1039 1234 1087 τοῖς
1250 1039 1396 1096 λόγοις.
1417 1037 1499 1080 Τὸν
1517 1037 1644 1080 τοίνυν
1666 1037 1719 1085 εἰς
1742 1040 1929 1080 τοσοῦτον
1949 1037 2089 1097 ἀρετῆς
2109 1035 2308 1078 ἀναὸάντα

947 1119 1144 1196 ἀγέρας-ον
1167 1116 1394 1172 ἀπολιπεῖν,
1424 1112 1583 1166 ἀνάξιον
1609 1119 1685 1159 τῶν
1706 1116 1899 1177 ἡμετέρων
1920 1116 2078 1175 χρόνων
2104 1114 2198 1156 εἶναι
2219 1113 2309 1173 κρί-

947 1193 1095 1250 νοντες,
1126 1196 1417 1256 προστάττομεν
1434 1199 1491 1253 τῇ
1514 1200 1562 1253 σῇ
1574 1192 1775 1255 ὑπεροχῇ,
1799 1191 1996 1238 ἐπιδοῦναι
2019 1191 2127 1250 αὐτῷ
2145 1193 2215 1234 τοῦ
2234 1186 2309 1239 δη-

947 1273 1088 1332 μοσίου
1112 1269 1223 1317 τόδε.
1262 1260 1347 1322 Ϊςω
1379 1269 1420 1314 δὲ
1453 1272 1474 1315 ὁ
1514 1272 1712 1333 εἰρημένος
1750 1273 1975 1333 σοφώτατος
2009 1271 2138 1329 ἀνηρ,
2170 1267 2223 1316 ὡς
2260 1264 2305 1308 Οὔ

948 1352 1066 1412 μέχρι
1085 1350 1230 1394 ’τούτου
1255 1349 1480 1407 ςησόμεθα,
1508 1349 1610 1393 ἀλλά
1629 1343 1691 1392 καὶ
1716 1346 1910 1407 ἀξιώμασι
1926 1346 1989 1391 καὶ
2008 1339 2060 1384 ’*)
2088 1345 2206 1406 ἱεραῖς
2227 1343 2309 1403 μεί-

947 1432 1033 1480 ζοσι
1057 1428 1284 1488 φιλοτιμίαις
1311 1430 1522 1485 τιμήσομεν
1543 1423 1686 1481 αὐτὸν,
1707 1422 1856 1471 ἄτοπον
1879 1422 2107 1484 ἧγούμενοι,
2129 1422 2308 1471 τοιαύτην

948 1506 1177 1565 εὐγλωττιάν
1203 1506 1306 1548 οὕτω
1319 1510 1464 1565 μικροῖς
1480 1503 1647 1563 ἀμοιὸἧς
1667 1501 1886 1554 ἀξιωθῆναι·
1904 1501 2151 1548 ἐπαινοῦντες
2168 1498 2285 1542 αὐτὸν
2292 1529 2310 1552 ,

948 1585 980 1627 εἷ
998 1583 1060 1626 καὶ
1086 1583 1244 1633 πολλοῖς
1263 1582 1409 1644 «ἑτέροις
1431 1587 1499 1632 τῆς
1523 1584 1642 1633 οὔσης
1667 1581 1775 1641 αὐτῷ
1795 1578 1969 1640 μεταδῴη
1996 1582 2258 1640 παρασκευῆς.
2277 1590 2301 1614 »

948 1662 1112 1710 Τούτοις
1134 1659 1463 1723 ἐπιψηφισαμένου
1483 1655 1558 1704 τοῦ
1571 1663 1781 1711 τηνικαῦτα
1804 1661 1872 1707 τὴν
1898 1656 2129 1717 πολιαρχίαν
2153 1649 2194 1693 2)
2219 1653 2311 1697 ἰθύ-

948 1754 1105 1794 νοντος,
1138 1735 1201 1783 καὶ
1231 1741 1349 1784 τόπον
1381 1736 1628 1797 διδασκάλοις
1660 1736 1991 1795 ἀπονενεμημένον
2023 1727 2067 1773 3)
2089 1732 2310 1794 ἀφορίσαν-

949 1817 1015 1864 τός
1039 1832 1105 1873 μοι
1125 1815 1191 1861 ἐπὶ
1220 1823 1292 1866 τῆς
1320 1814 1600 1865 Καπετωλίδος
1631 1814 1777 1870 αὐλῆς,
1806 1813 1993 1872 ἐχόμενος
2027 1816 2096 1860 τῆς
2125 1807 2308 1871 ςρατείας

949 1889 1173 1947 ἐπαίδευον,
1201 1893 1265 1936 καὶ
1289 1893 1587 1954 μεγαλοφρονεῖν
1609 1890 1815 1951 ἐξηγόμην.
2016 1886 2019 1889 ’

1016 1964 1094 2012 3ο.
1131 1971 1252 2029 Παρὰ
1272 1971 1401 2027 μέντοι
1419 1977 1488 2018 τῆς
1510 1970 1716 2028 ςρατείας,
1737 1967 1911 2025 βαθμῶν
1928 1982 1970 2011 τε
1985 1965 2049 2008 καὶ
2066 1967 2199 2024 πόρων
2213 1966 2308 2006 ἄνευ

948 2042 1049 2091 τινὸς
1080 2043 1326 2090 ἐλαττώσεως
1345 2075 1359 2095 ,
1391 2046 1523 2102 ὥσπερ
1555 2028 1856 2091 ἀνεπαισθήτως
1885 2045 1955 2086 τοῦ
1987 2042 2129 2101 χρόνον
2160 2042 2311 2100 τροχοί·-

949 2121 1085 2169 ζοντος
1096 2150 1110 2171 ,
1134 2116 1198 2162 ἐπὶ
1229 2118 1272 2162 τὸ
1300 2119 1422 2179 πέρας
1449 2126 1516 2168 τῆς
1549 2119 1732 2180 ςρατειάς
1756 2118 1946 2166 ἀνῆλθον.
1970 2116 2051 2160 Καὶ
2071 2113 2219 2177 κερδῶν
2239 2113 2310 2172 μὲν

950 2196 1083 2247 ἕνεκα,
1098 2194 1196 2237 ὡσεὶ
1226 2192 1318 2252 μηδ’
1343 2194 1383 2237 ἐν
1401 2189 1444 2233 4)
1467 2195 1634 2255 ςρατείᾳ
1657 2197 1798 2252 τελῶν,
1822 2194 2089 2256 παρηνέχὲην·
2111 2194 2248 2249 ἔτυχον
2268 2189 2312 2233 δὲ

950 2277 1060 2329 τιμῆς
1082 2269 1146 2317 καὶ
1155 2277 1229 2320 -τῆς
1247 2270 1326 2315 ἀπὸ
1342 2275 1418 2314 τῶν
1432 2271 1678 2331 κρατούντων
1700 2270 1860 2325 αἰδοῦς,
1881 2270 1944 2314 καὶ
1957 2303 1972 2326 ,
1995 2264 2065 2329 (τὸ
2089 2267 2136 2316 δὴ
2153 2271 2308 2312 πάντων

949 2342 1239 2407 γλυκύτερον,)
1274 2346 1312 2390 ἐν
1339 2348 1466 2390 ἀνέσει
1491 2347 1558 2391 τὸν
1579 2347 1667 2405 βίον
1690 2347 1955 2410 παρέδραμον.
1981 2348 2023 2391 H
2044 2344 2086 2390 δὲ
2106 2349 2319 2407 πάνσοφος·

951 2422 1058 2478 δίκη,
1081 2421 1237 2472 δικαίοις
1256 2440 1303 2481 με
1321 2422 1660 2486 παραμυθουμένη
1678 2429 1857 2487 τρόποις,
1878 2427 1960 2474 τοῖς
1976 2423 2044 2483 μὲν
2063 2425 2314 2484 ςρατιώταις,

951 2501 1003 2550 ὡς
1035 2501 1162 2562 ἔφην,
1209 2498 1405 2559 αἰδέσιμον
1438 2499 1585 2557 ἔδειξε,
1624 2505 1703 2552 τοῖς
1736 2501 1779 2546 δὲ
1812 2507 2002 2564 ἄρχουσιν
2039 2500 2112 2545 οὐκ
2141 2497 2309 2551 ἀπάξιον

949 2585 1075 2637 τιμῆς·
1101 2577 1165 2621 καὶ
1195 2582 1309 2622 τοῦτο
1342 2577 1460 2626 δῆλον
1491 2578 1534 2622 ἐκ
1563 2587 1628 2630 τῆς
1663 2580 1925 2642 προελθούσης
1953 2577 2012 2626 ἐπ’
2039 2578 2125 2638 ἐμοὶ
2155 2579 2311 2642 ψήφου,

1010 2699 1053 2747 1)
1080 2697 1191 2751 Lego
1217 2706 1430 2743 ποιητικοῖς.

1005 2763 1053 2806 2)
1079 2760 1178 2800 Cod.
1206 2764 1452 2816 πολυαρχίαν,
1480 2769 1528 2802 ut
1551 2764 1709 2817 saepius,

1002 2826 1055 2873 5)
1082 2823 1180 2865 Cod.
1208 2829 1475 2877 ἀπονενημένον,
