2748 3834
515 528 883 563 nmrunmcim
917 527 1185 562 ROMANAE
1218 528 1323 563 mn.
1355 530 1442 564 111.
1569 515 1656 566 161

225 617 239 634 ⁸
299 620 401 652 non
412 614 580 652 autem
589 603 781 652 militiae
790 603 1075 669 gradusque
1086 602 1242 651 finem
1255 615 1661 669 consequuntur:

297 682 542 748 adparent
560 683 697 731 enim
720 678 1284 741 commentariensibus,
1311 683 1428 747 qui,
1461 691 1521 731 ut
1541 681 1664 732 dixi-
1694 722 1702 729 .

300 778 438 820 mus,
465 758 1043 827 hypomnematographi
1072 761 1125 806 in
1148 758 1318 808 officio
1339 763 1566 809 Romano
1589 761 1669 811 ad·

298 838 568 903 pell-antur.
615 841 739 887 Nam
784 835 1218 903 quemadmodum
1270 837 1668 889 nomenclatores

300 932 513 964 munere
522 916 835 981 funguntur,
846 914 1170 979 rhetoresque
1183 950 1196 973 ,
1206 913 1476 964 clamantes
1488 932 1668 967 eorum

301 995 536 1052 nomina,
573 991 822 1051 indicant3
851 993 922 1039 sic
950 991 1022 1038 illi
1042 990 1390 1041 criminalibus
1420 994 1475 1040 in
1507 997 1671 1043 causis

301 1070 558 1136 adparent».
594 1068 999 1118 Nomenclatores
1032 1079 1225 1129 autem,
1256 1079 1316 1118 ut
1354 1070 1583 1120 AEmilius
1612 1073 1668 1120 in

302 1150 678 1197 commentariis
714 1148 776 1196 ad
803 1148 1022 1196 Sallustii
1051 1148 1282 1196 historias
1312 1149 1407 1209 ait,
1440 1151 1668 1199 nomina-

303 1227 436 1275 tOres
452 1226 745 1293 iudicesque
762 1237 1046 1292 togatorum
1069 1218 1151 1291 (id
1166 1236 1239 1274 est
1251 1263 1265 1286 ,
1286 1226 1671 1293 advocatorum)

302 1315 439 1354 sunt.
463 1309 858 1371 'rogatos-autem
883 1306 1096 1352 Romani
1112 1314 1400 1354 vocant-eos
1415 1341 1429 1366 ‚
1449 1308 1541 1371 qui
1564 1323 1671 1354 non

304 1379 554 1443 militant,
593 1384 678 1431 sed
719 1393 885 1449 togam
921 1393 1129 1449 gerunt,
1164 1393 1215 1431 et
1248 1399 1417 1432 causas
1450 1383 1673 1433 dicentes

303 1456 532 1510 'mercede
558 1462 800 1527 adjuvant
824 1482 836 1510 ε
871 1464 925 1510 in
956 1461 1066 1510 soro
1096 1464 1235 1510 enim
1263 1472 1539 1518 versantes,
1565 1462 1672 1510 lite-

303 1542 475 1606 risque
513 1551 563 1588 et
605 1542 736 1605 juris
773 1540 1160 1590 difficultatibus
1198 1552 1448 1599 vacantes,
1483 1541 1547 1590 ab
1584 1542 1674 1601 iis,

305 1619 496 1685 quibus
526 1636 671 1668 causa
705 1619 942 1680 dicenda,
970 1620 1033 1689 ad
1071 1620 1322 1686 pedaneos
1358 1611 1556 1684 judices
1590 1619 1678 1685 (id

306 1706 399 1755 est,
417 1698 729 1759 χαμαιδικαστάς
743 1696 763 1762 )
778 1698 908 1744 circa
928 1706 1130 1762 tempus
1145 1698 1450 1763 cognitionis
1473 1697 1678 1763 patroni

305 1773 629 1823 vocabantur.
650 1776 817 1835 Quare
845 1776 996 1822 etiam
1025 1775 1272 1835 advocati,
1297 1775 1347 1822 id
1371 1785 1467 1835 est,
1495 1795 1679 1841 προσκα-

304 1854 507 1914 λούμενοι,
539 1853 822 1900 etiamnum
852 1851 1110 1900 dicuntur.
1145 1853 1434 1899 Turmarios
1468 1851 1677 1917 quidem
1745 1888 1755 1893 -

307 1938 507 1993 egomet
534 1930 748 1977 memini
771 1929 1069 1995 adparentes
1091 1931 1243 1977 etiam
1273 1931 1327 1976 in
1351 1931 1539 1976 scrinio
1562 1927 1678 1976 sub·

296 2008 607 2071 ›a‘djuvarum
622 2044 636 2067 ‚
663 2019 713 2054 et
737 2009 1167 2073 completionibus
1197 2010 1279 2068 (id
1300 2020 1401 2067 est,
1424 2008 1679 2074 πληρώσεσι)

303 2085 823 2151 chartarumoperam
854 2085 1052 2146 dantes,
1092 2102 1148 2133 ac
1176 2082 1471 2150 non'parvo
1502 2086 1681 2132 solatio
1745 2110 1750 2116 ·

308 2166 582 2232 gaudentes
617 2184 627 2212 ε
653 2182 708 2213 ea
734 2175 842 2213 erat
874 2153 1046 2213 rerum
1083 2165 1390 2230 agendarum
1425 2163 1684 2212 fructuosa

309 2243 635 2291 abundantia.
657 2243 875 2290 Diaetarii
893 2259 1048 2307 porro
1067 2252 1118 2290 et
1137 2241 1341 2289 cistiferi
1362 2252 1411 2288 et
1431 2248 1684 2306 praecones

300 2320 605 2368 'ministeriis
621 2317 914 2384 funguntur
926 2319 1160 2386 quidem,
1181 2317 1304 2365 alios
1327 2328 1496 2365 autem
1518 2318 1581 2365 ad
1605 2335 1683 2365 or-

310 2388 454 2446 dines
487 2386 760 2463 pertinent.
1139 2390 1142 2394 ⁴

360 2519 407 2571 9)
437 2519 584 2570 ἐντυχία
608 2521 648 2555 et
661 2515 730 2555 hic
746 2521 787 2556 et
803 2529 854 2556 m
864 2544 876 2567 ,
910 2530 924 2556 1
936 2531 950 2554 ι
963 2543 976 2565 ,
1008 2521 1068 2555 est
1083 2513 1222 2554 charta
1236 2512 1454 2554 sententias
1469 2512 1556 2553 sive
1572 2512 1686 2566 judi-

310 2587 447 2623 catum
460 2580 672 2623 continens
686 2610 698 2631 ‚
730 2593 853 2634 quem
872 2579 969 2620 alibi
987 2579 1197 2620 usitatiore
1213 2591 1313 2619 voce
1340 2582 1479 2633 χάρτην
1508 2577 1684 2632 adponat

313 2645 471 2699 Lydus.
495 2643 613 2684 conf.
642 2647 758 2698 (pag.
782 2645 857 2686 166
871 2674 884 2698 ,
917 2638 1049 2695 et’m,
1081 2644 1177 2694 68.)
1208 2649 1369 2698 χαρτῶν.

377 2710 448 2758 10)
474 2707 573 2749 cod.
595 2713 775 2763 πρέκονες.
1269 2708 1271 2710 ’

1433 2964 1492 2997 21
