2748 3834
663 544 1035 579 nmrnnmcuz
1070 544 1348 578 nonunt
1381 545 1483 580 un.
1520 548 1553 581 1.
1730 527 1794 598 57

353 607 362 626 '
430 623 616 667 Serano
638 654 651 674 ‚
694 618 935 667 dictatore
962 654 976 676 ‚
1012 618 1111 682 qui'
1140 618 1195 667 in
1233 617 1370 666 silvis
1404 617 1543 684 ligna
1571 619 1795 683 (ndens,

431 697 647 761 ideoque
674 696 916 754 securim,
951 704 1000 742 et
1028 711 1143 759 quo=
1158 693 1308 742 boves
1326 694 1539 760 plaustri
1564 695 1796 765 pellent,

427 774 596 822 lorum
629 775 778 839 virgae
812 772 1090 838 adligatum
1125 770 1312 831 ferens,
1353 772 1417 820 ad
1448 776 1797 830 Romanorum

431 853 705 918 imperium
723 887 736 910 ,
752 861 812 900 ut
830 849 980 899 refert
1000 851 1219 909 Persius„
1237 853 1494 900 Romanus
1512 861 1795 913 satyrarum

431 932 675 996 scriptor,
695 929 963 978 accersitus
986 938 1086 988 est3
1120 930 1223 976 sive
1252 930 1403 978 etiam
1419 966 1433 990 ‚
1463 932 1583 996 quia
1607 934 1797 983 securin

429 1011 688 1076 potestatis
710 1008 976 1056 indicium.
1010 1006 1083 1054 Ad
1108 1006 1211 1055 haec
1235 1007 1354 1057 sella
1383 1009 1478 1074 (ut
1498 1009 1572 1058 illi
1595 1013 1796 1077 καθέδραν

429 1087 636 1147 vomat)
650 1085 899 1145 eburnea;
918 1086 972 1132 in
992 1102 1092 1150 qua
1109 1086 1363 1135 sedentem
1384 1099 1796 1138 recens-emtum

428 1162 692 1212 consulem
726 1164 887 1225 cives,
929 1163 1166 1228 subjectis
1203 1165 1408 1231 perticis
1444 1164 1761 1231 longioribus
1779 1195 1795 1228 ,

424 1242 681 1293 ·ferebant.=

429 1347 432 1350 ⁴
499 1318 578 1370 33.
617 1325 689 1371 Ne
713 1333 884 1371 autem
917 1323 1160 1390 singulari
1180 1334 1423 1391 potestate
1456 1326 1653 1375 immite
1680 1341 1797 1374 con·

428 1398 554 1448 aulis
578 1401 852 1466 imperium
872 1402 1101 1450 evaderet
1114 1438 1128 1460 ,
1144 1402 1298 1463 duos,
1317 1419 1502 1469 eosque
1521 1403 1576 1451 in
1597 1418 1796 1451 annum

424 1487 632 1529 ‘tantum
656 1498 909 1542 creavere,
941 1486 1153 1530 Brutum
1172 1519 1185 1542 ,
1214 1492 1272 1531 ut
1286 1482 1531 1543 diximus,
1552 1482 1798 1531 libertatis

424 1556 685 1604 *vindicem
705 1594 719 1615 ‚
753 1570 803 1606 et
827 1576 946 1607 cum
977 1578 1036 1608 eo
1065 1560 1373 1608 Publicolam
1406 1562 1426 1626 (
1446 1559 1586 1625 quod
1608 1574 1799 1608 nomen

429 1634 729 1700 popularem
757 1637 925 1684 virum
953 1636 1240 1702 significat)
1273 1656 1284 1684 ε
1322 1636 1512 1703 quibus
1538 1636 1720 1686 licebat
1749 1646 1802 1685 et

431 1710 563 1777 leges
601 1711 728 1761 ferre
745 1750 759 1774 ,
800 1724 850 1762 et
886 1731 980 1763 suo
1007 1714 1223 1763 arbitrio
1258 1714 1389 1763 bella
1420 1714 1799 1774 administrare3

433 1793 627 1857 quippe
646 1793 835 1858 quibus
862 1810 1062 1842 summa
1091 1786 1261 1843 rerum
1288 1794 1474 1843 tradita
1491 1804 1629 1843 esset.
1659 1783 1801 1842 Bruti

431 1878 603 1916 autem
615 1871 718 1930 vita
737 1870 904 1920 functi
929 1872 1346 1937 corpus-publico
1367 1872 1509 1939 luctu
1527 1872 1801 1920 honor-aven·

429 1958 584 2004 runt,
622 1957 678 1995 et·
695 1951 870 1995 Brutas
891 1964 1072 1996 uxores
1095 1965 1210 1996 suas
1231 1948 1296 1996 ab
1326 1948 1413 1996 illo
1429 1985 1443 2008 ‚
1473 1959 1682 2014 propter
1704 1964 1803 2014 pur

426 2021 652 2074 dieitiam
668 2045 689 2077 x,
725 2023 1087 2081 aripennum&
1111 2034 1500 2089 -montu'umque
1539 2026 1803 2073 consulem
1855 2030 1858 2033 ’

422 2105 681 2162 superstes
709 2093 915 2143 funebri
945 2096 1173 2143 oratione
1213 2105 1329 2145 tum
1359 2098 1559 2162 primus
1590 2103 1804 2149 ornavit.

374 2214 380 2219 .
423 2175 628 2222 Dicitur
645 2183 815 2221 autem
835 2172 973 2238 apud
992 2190 1076 2221 eos
1095 2172 1326 2222 funebris
1345 2186 1526 2224 cantus
1548 2180 1702 2226 nen-ia
1719 2214 1732 2238 ‚
1776 2195 1805 2227 a

429 2267 588 2316 graeco
625 2253 798 2315 potius
831 2261 1032 2309 etym03
1079 2253 1201 2314 quia
1229 2260 1343 2307 νήτην
1376 2254 1534 2301 Graeci
1569 2255 1803 2307 ultimam

429 2327 630 2377 citharae
654 2326 959 2375 chordarum
979 2337 1175 2376 vocant.
1254 2332 1256 2335 '

456 2504 639 2547 Qunam
664 2503 859 2537 ELECTIO
874 2523 888 2549 ,
919 2503 1181 2538 nzemvuu
1197 2524 1212 2550 ‚
1244 2503 1302 2537 ΕΤ
1328 2501 1626 2538 Paul-news
1653 2502 1778 2538 ml.

501 2641 582 2699 34.
618 2645 768 2692 Caius
788 2681 802 2703 ‚
842 2643 1239 2708 jurisconsultus
1267 2681 1281 2705 ,
1334 2654 1449 2711 post
1493 2653 1801 2710 quaestorum

433 2720 781 2783 magistratum
799 2721 862 2769 de
877 2721 1196 2770 decemvirali
1210 2722 1291 2770 his
1306 2721 1472 2770 verbis
1485 2757 1498 2781 ‚
1518 2720 1800 2770 secundum

485 2830 532 2880 4)
559 2828 672 2882 Lego
686 2834 873 2884 προϊόντα.
892 2833 1045 2876 Eadem
1061 2834 1179 2877 verbi
1199 2832 1438 2890 significatio
1456 2837 1515 2871 est
1540 2845 1559 2888 ¹.
1566 2859 1581 2882 ‚
1610 2832 1678 2884 37.

489 2894 538 2945 5)
565 2895 677 2948 Lego
697 2899 856 2938 καὶτὺν.
930 2943 934 2946 .
1570 2956 1599 3006 8
