2748 3834
671 549 1051 584 nmpunmcn:
1085 549 1358 582 ROMANAE
1390 550 1493 584 Lm.
1530 552 1607 584 111.
1722 553 1814 603 277

462 624 664 689 sectos)
704 634 794 674 aut
827 624 1190 684 rationalibus,
1234 625 1514 673 secundum
1551 635 1822 675 consuetu-

461 702 633 751 dinem
647 738 660 763 ,
674 712 781 750 acta
795 701 1052 770 implenda
1065 701 1214 750 dabat
1227 738 1240 762 ,
1258 718 1323 750 ne
1335 702 1461 769 quid
1473 712 1648 751 contra
1663 702 1822 769 legem

463 779 635 841 fieret3
668 797 846 830 verum
877 797 970 846 per
1001 796 1120 828 suos
1150 779 1346 829 chartas
1373 779 1614 846 compleri
1643 779 1793 844 jussit
1808 816 1822 840 ,

463 857 751 918 sumtibus,-
776 874 906 924 quos
934 859 1174 923 congruis
1204 856 1598 923 completoribus
1614 856 1824 924 praeberi

463 952 575 984 mos
599 934 761 983 fuerat
779 972 793 995 ,
826 937 931 1001 ipse
955 937 1163 1001 potitus.
1188 934 1382 983 Deinde
1405 952 1523 983 cum
1543 935 1610 984 ob
1632 935 1828 983 chartas

463 1013 726 1060 temerarie
758 1012 1033 1077 illiciteque
1060 1012 1215 1060 editas
1242 1013 1456 1073 maxima
1486 1012 1723 1077 subjectis
1748 1012 1823 1059 in-

465 1089 729 1137 commoda
757 1091 1053 1149 existerent,
1084 1092 1188 1155 ipse
1218 1091 1373 1139 iratus
1395 1089 1679 1149 chartarum
1697 1126 1710 1149 ,
1738 1105 1823 1137 au·

465 1165 633 1213 dacter
670 1175 957 1232 temereque
990 1166 1333 1216 absolutarum
1351 1203 1366 1228 ,
1396 1168 1501 1216 vim
1539 1168 1826 1232 ignorantes

395 1238 396 1241 '
464 1252 628 1291 morte
648 1239 924 1292 adficiebat.
949 1247 1113 1310 Atque
1133 1261 1193 1293 ex
1211 1244 1299 1293 illo
1319 1260 1429 1292 mos
1447 1243 1697 1303 obtinuit,
1721 1259 1827 1292 om-

466 1336 657 1386 nesque
675 1331 725 1370 et
746 1322 978 1370 scribunt
1004 1332 1053 1371 et
1077 1322 1334 1389 complent
1364 1330 1414 1370 et
1435 1321 1704 1370 absolvunt
1728 1320 1826 1369 sibi

464 1413 672 1463 prorsus
700 1400 894 1463 ignota,
930 1399 1052 1447 olim
1083 1400 1221 1448 mille
1256 1398 1418 1448 modis
1451 1397 1647 1446 firmata
1666 1434 1679 1456 ,
1706 1415 1824 1446 cum

466 1474 766 1540 cotidianis(
792 1487 848 1524 ut
872 1487 1078 1537 vocant,
1100 1477 1151 1524 id
1170 1487 1272 1532 est,
1297 1480 1536 1542 ἐφημέροις)
1556 1477 1677 1523 actis
1705 1493 1825 1542 prae-

467 1549 608 1612 fecti,
633 1562 744 1600 tum
776 1553 1181 1620 competentibus
1198 1554 1396 1603 scriniis
1410 1589 1423 1613 ‚
1443 1564 1554 1601 tum
1571 1570 1706 1602 overo
1736 1569 1828 1619 per

467 1645 551 1677 eos
580 1630 740 1695 ipsos,
771 1632 864 1696 qui
892 1648 951 1679 ex
987 1631 1090 1680 illis·
1115 1632 1335 1680 reditum
1365 1630 1630 1680 habebant.
1654 1632 1830 1679 Paucis

468 1705 630 1754 dicam
665 1726 676 1753 ε
709 1710 881 1756 omnia
914 1711 1120 1775 penitus
1160 1698 1429 1769 interiere,
1461 1708 1607 1757 nullo
1645 1708 1830 1774 prior-Is

468 1801 644 1833 eorum
662 1785 962 1834 excellentiae
983 1787 1173 1835 indicio
1189 1786 1376 1842 relicto.
1437 1819 1441 1822 -

536 1861 616 1928 69.
647 1864 726 1911 Sic
739 1880 856 1911 cum
871 1865 1048 1930 egisset
1060 1864 1466 1912 sceleratissimus
1479 1863 1647 1929 legum
1659 1863 1831 1921 hostis,

469 1941 756 2004 respiciens
770 1940 894 1989 deus
912 1941 1162 1990 malorum
1185 1953 1440 1991 auctorem
1461 1943 1621 2008 ipsius
1641 1939 1835 1989 tradere

395 2017 398 2020 ’
470 2013 612 2065 factis
628 2015 876 2079 decrevit,
899 2017 1206 2084 persuadens
1221 2020 1295 2079 ei,
1365 2064 1370 2069 .
1397 2051 1400 2058 .

578 2182 676 2222 Esse
694 2182 896 2224 Justitiam
909 2213 922 2234 ‚
948 2185 1226 2238 Nemesinque
1239 2214 1251 2236 ,
1275 2184 1391 2224 malis
1406 2184 1511 2224 mala
1528 2184 1742 2225 ferentem.

472 2337 596 2384 Nam
632 2351 749 2382 cum
782 2334 968 2383 horum
1003 2336 1077 2384 nil
1106 2337 1254 2384 sciret
1279 2337 1714 2384 mansuetissimus
1745 2338 1836 2384 im-

474 2422 712 2478 perator3
754 2429 931 2461 omnes
967 2402 1086 2462 vero
1124 2424 1332 2479 propter
1368 2414 1689 2462 immodicam
1728 2416 1837 2479 ejus

473 2489 751 2554 potentiam
776 2524 790 2547 ,
821 2495 1052 2554 quamvis
1079 2488 1267 2553 injuria
1289 2489 1500 2550 adfecti,
1542 2490 1835 2556 improbum

475 2564 821 2630 Cappadocem
856 2575 1125 2614 tuerentur
1145 2603 1157 2626 ,
1188 2566 1336 2632 longe
1359 2568 1592 2615 omnium
1609 2570 1838 2618 maximis

475 2641 714 2690 laudibus
755 2659 874 2691 eum
915 2644 1052 2709 apud
1091 2646 1444 2710 imperatorem
1487 2646 1790 2694 ‘celebrantes
1824 2666 1833 2693 z

476 2717 637 2783 (quis
669 2720 807 2766 enim
846 2719 924 2767 vel
955 2720 1111 2768 solius
1149 2722 1373 2769 nominis
1409 2722 1517 2785 ejus
1551 2725 1659 2770 sine
1691 2722 1837 2770 laude

478 2795 792 2842 mentionem
832 2795 990 2843 facere
1022 2814 1174 2845 ausus
1207 2797 1451 2856 fuisset?)
1485 2798 1585 2845 sola
1621 2800 1837 2862 conjux,

478 2869 719 2920 omnibus
746 2907 759 2930 ,
815 2889 925 2936 quae
964 2889 1192 2938 unquam
1231 2872 1370 2920 fuere
1398 2910 1410 2933 ‚
1467 2875 1672 2938 ingenio
1717 2890 1836 2939 prae·
