2748 3834
633 534 1015 571 nmrunchz
1049 533 1322 566 ROMANAE
1354 530 1459 568 Lrn.
1495 535 1579 569 111.
1691 537 1788 587 229

426 609 686 671 Vandalis,
707 610 907 660 nationi
925 605 1232 658 Germanicae
1245 642 1259 667 ,
1277 620 1389 674 quae
1403 623 1430 656 a
1444 590 1790 675 Septenfflone

434 689 490 736 in
513 689 774 755 Hispanias
801 703 894 754 per
914 689 1196 751 Pyreneum
1220 695 1447 734 montem
1471 687 1794 753 transgressi}

432 764 646 827 Libyam
666 767 935 824 invaserat,
954 762 1144 811 bellum
1167 761 1352 811 inferre
1366 761 1597 812 decrevit.
1620 766 1796 830 Itaque

435 862 553 894 cum
579 845 751 894 decem
774 843 934 893 millia
955 844 1162 891 navium
1182 841 1471 909 longarum,
1492 859 1619 909 quas
1638 842 1796 892 libur-

437 938 531 971 nas
559 930 764 980 vocant,
794 920 1040 979 exercitu,
1076 918 1277 985 qualem
1303 918 1445 968 nulla
1475 929 1588 969 aetas
1620 922 1798 969 mirata

436 1009 511 1048 est
537 1034 551 1058 ‚
589 997 866 1064 implesset,
901 997 1245 1062 magistratum
1279 997 1342 1046 ad
1375 998 1552 1047 incitas
1580 998 1798 1064 redegit,

438 1077 696 1124 intentum
724 1061 1070 1140 'coactumque
1107 1075 1489 1141 quadringentis
1526 1075 1797 1124 hominum

438 1151 668 1200 millibus
689 1188 702 1212 ,
726 1190 732 1195 .
753 1161 890 1199 trans
921 1167 1058 1200 mare
1088 1161 1261 1201 contra
1297 1160 1437 1201 terrae
1476 1154 1801 1220 importuosis

323 1226 325 1229 ’
382 1260 384 1262 -
439 1229 658 1278 sinubus
684 1228 896 1277 defensae
915 1228 1265 1278 difficultatem
1288 1240 1338 1278 et
1355 1229 1684 1280 barbarorum
1703 1233 1800 1279 mi-

440 1323 558 1355 rum
578 1316 830 1372 quantum
855 1306 1218 1372 opulentorum
1242 1309 1519 1374 potentiam
1538 1308 1801 1358 dimicatu-

438 1385 533 1444 ris,
566 1393 796 1432 sumtum
821 1382 1065 1432 sufficere.
1100 1386 1541 1452 Insumtaquippe
1565 1384 1701 1433 fatali
1726 1385 1802 1433 illi

440 1459 592 1522 bello,
603 1460 832 1509 Basilisco
848 1461 1097 1510 malorum
1115 1462 1260 1522 duce,
1270 1464 1390 1512 auri
1397 1464 1646 1528 sexaginta
1657 1462 1803 1527 quin-

442 1554 543 1604 que
557 1575 571 1599 ,
601 1539 797 1604 argenti
819 1548 986 1587 autem
1010 1541 1324 1605 septingenta
1347 1540 1591 1592 librarum
1623 1531 1804 1599 milliar,

443 1631 695 1682 equorum
722 1632 841 1665 vero
862 1618 1305 1683 armorumque'et
1338 1618 1610 1669 hominum
1634 1627 1805 1666 tantus

442 1711 689 1744 numerus
701 1706 983 1762 ,quantum
1009 1697 1152 1744 omni
1170 1713 1273 1765 aevo
1294 1696 1540 1751 interiisse
1562 1698 1678 1763 quis
1690 1697 1805 1760 jure

374 1795 377 1798 >
443 1775 711 1840 negaverit.
761 1800 764 1803 ·
1289 1792 1294 1796 ’
1562 1821 1564 1824 ,

512 1854 609 1910 44..
627 1855 690 1900 Et
711 1862 827 1918 post
849 1852 955 1901 haec
970 1856 1143 1902 omnia
1175 1852 1501 1920 naufragium
1523 1846 1806 1904 totius-‘reii-

442 1928 680 1996 publicam
691 1933 814 1979 Nam
830 1946 947 1979 cum
963 1947 1069 1981 non
1087 1930 1342 1980 sufficeret
1352 1927 1782 1998 Pecunia-publica
1793 1964 1807 1990 ‚

397 2038 400 2041 -
441 2013 804 2071 quantumque
818 2009 1023 2072 privatae
1035 2018 1142 2058 erat
1154 2008 1470 2073 imperatori,
1487 2010 1660 2056 omnia
1677 2022 1808 2054 εχει»
1847 2069 1853 2076 ,

445 2085 642 2133 cituum
655 2084 1026 2150 complementa
1034 2085 1157 2133 belli
1168 2084 1508 2134 cladibusuna
1521 2087 1783 2151 perierunt
1795 2102 1806 2131 ε

445 2177 591 2210 acne
607 2161 792 2225 longus
807 2163 912 2224 ‘sim
929 2197 943 2220 ‚
967 2178 1026 2210 ex
1051 2161 1140 2210 illo
1162 2179 1284 2216 casu,
1297 2164 1530 2210 aerarium
1550 2162 1687 2211 haud
1707 2177 1810 2209 am-

447 2236 585 2302 plius
608 2235 807 2300 suffecit
822 2237 946 2296 ,Lsed
966 2247 1083 2285 ante
1105 2248 1332 2303 tempus,
1355 2239 1468 2303 quae
1496 2237 1728 2285 nondum
1755 2238 1809 2283 in

409 2329 413 2332 ’
447 2329 564 2379 spe,
598 2311 651 2360 id
674 2319 799 2377 est,
821 2312 1143 2376 collatoribus
1176 2325 1321 2374 sunt,
1357 2305 1416 2361 'in
1446 2311 1809 2378 rempublicam

450 2389 703 2456 impendit
726 2409 738 2438 ε
762 2401 822 2438 ut
841 2390 1134 2456 infinitasit
1150 2393 1309 2451 aerarii
1327 2387 1571 2457 angustia.
1591 2394 1811 2456 Tempus

448 2477 616 2515 autem
634 2503 649 2526 ‚
684 2468 906 2532 opinor&
945 2484 1039 2516 nos
1072 2468 1270 2516 deficiat
1289 2505 1303 2529 ‚
1339 2468 1484 2534 lapsae
1517 2467 1614 2515 sub
1645 2471 1811 2516 Leone

450 2543 740 2615 reipublicae
775 2537 938 2594 clades
968 2547 1010 2594 si
1044 2561 1356 2608 enarremu3‚
1388 2546 1672 2595 domesticis
1700 2557 1809 2595 tum

508 2727 555 2778 9)
581 2725 692 2779 Lego
709 2728 871 2767 ἐκλιπεῖν.

513 2799 561 2827 ιο
575 2788 588 2836 )
614 2786 712 2829 Cod.
733 2792 960 2844 ἁφορήσεται.

510 2865 525 2891 ι
538 2851 579 2899 1)
605 2849 704 2890 Cod.
721 2854 821 2903 ἦγον.
