2748 3834
924 493 1017 555 lxij
1350 503 1858 537 COMMENTAmus

928 617 1054 649 caeca
1078 597 1284 659 vestigia
1305 596 1486 658 passim
1511 602 1745 640 errantes.
1766 595 1890 651 ‘Qua
1920 595 1975 642 in
2001 595 2279 658 peregrina-

926 690 1065 735 tione
1087 699 1238 745 quam
1259 682 1514 729 curiosum
1539 697 1643 729 sese
1664 680 1954 729 exhibuerit
1975 683 2282 745 politissimae

927 771 1189 820 vetustatis
1206 769 1562 833 indagatorem,
1580 769 1824 818 litteratus
1837 769 1994 818 homo
2007 771 2059 818 in
2078 770 2283 834 Europa,

926 878 1077 909 nemo
1098 868 1170 907 est
1203 859 1291 922 qui
1315 849 1514 906 nesciat.
1549 859 1893 918 Quamobrem
1924 858 2050 907 mihi
2074 858 2282 922 quidem

927 951 1107 1014 dignus
1132 948 1354 1014 profecto
1379 948 1584 997 videtur
1609 947 1788 1012 fuisse,
1818 950 1908 1014 qui
1936 968 2042 999 non
2070 949 2279 1014 Lydum
2302 943 2305 946 ⁴

927 1047 1182 1100 nostrum,
1208 1038 1292 1086 sed
1321 1038 1599 1102 principem
1619 1039 1838 1103 aliquem
1858 1057 1923 1087 ex
1943 1039 2134 1087 Graecis
2157 1039 2280 1088 scri·

925 1127 1154 1190 ptoribus
1170 1163 1182 1187 ,
1205 1126 1423 1174 maxime
1445 1134 1612 1175 autem
1632 1144 1662 1174 e*
1679 1127 1860 1190 potitis,
1879 1127 1969 1189 qui
1992 1127 2249 1190 perierunt
2265 1163 2279 1187 ‚

926 1214 988 1261 ab
1004 1206 1434 1261 inferis‘excitaret
1456 1231 1466 1260 :
1486 1213 1828 1263 Menandrum
1845 1213 2081 1262 videlicet
2097 1250 2110 1275 ,
2130 1221 2179 1261 et
2193 1215 2280 1262 So-

926 1302 1177 1367 phronem
1204 1320 1214 1350 :
1240 1302 1323 1351 vel
1342 1303 1647 1367 Sophoclem
1665 1311 1751 1353 aut
1770 1302 2050 1355 Pindarum
2075 1320 2140 1351 ex
2162 1301 2246 1350 his
2264 1337 2279 1364 ‚

926 1409 1146 1455 quorum
1166 1393 1348 1456 scripta
1363 1410 1466 1441 non
1486 1410 1665 1457 parum
1686 1393 1833 1457 plura
1848 1393 2026 1440 amissa
2043 1408 2196 1455 quam
2212 1408 2282 1440 re-

923 1486 1061 1528 tenta
1081 1489 1213 1529 sunt.
1231 1480 1310 1530 Ad
1327 1499 1479 1545 quem
1498 1482 1634 1531 enim
1654 1482 1821 1547 potius
1837 1479 2083 1544 ejusmodi
2097 1480 2282 1528 inven-

923 1568 1112 1616 tionem
1132 1568 1379 1632 pertinere
1394 1568 1618 1618 dicamus
1630 1606 1643 1633 ‚
1663 1584 1816 1634 quam
1832 1566 1893 1615 ad
1907 1583 2047 1628 eum,
2067 1567 2157 1629 qui
2173 1583 2282 1616 non

924 1657 1110 1704 minori
1130 1656 1330 1711 dicendi
1345 1658 1558 1706 artificio
1577 1674 1728 1721 quam
1749 1653 2082 1720 cognoscendi
2102 1654 2281 1718 peritia

923 1763 1238 1810 quaecunque
1257 1748 1352 1795 sibi
1370 1747 1616 1795 Graeciam
1636 1745 2250 1810 peragranti'occurrerant
2264 1777 2279 1803 ,
2320 1759 2322 1761 ·

921 1840 1024 1881 tam
1039 1832 1230 1882 vividis
1247 1833 1501 1880 coloribus
1517 1833 1790 1894 expressit,
1822 1839 1879 1879 ut
1899 1848 2073 1879 omnes
2095 1830 2281 1878 intelli-

922 1927 1126 1983 gerent,
1158 1918 1290 1966 nihil
1310 1935 1414 1965 esse
1437 1935 1539 1965 non
1565 1917 1782 1964 oratoria
1813 1923 2009 1964 tantum
2030 1917 2162 1977 ejus,
2190 1915 2278 1965 sed

923 2007 1118 2068 poetica
1140 2005 1289 2053 etiam
1316 2003 1548 2052 facultate
1571 2003 1901 2067 praestantius.
1932 2003 2134 2051 Verum
2165 2002 2278 2051 for-

923 2100 1047 2141 tuna
1067 2093 1154 2141 hic
1173 2093 1322 2142 etiam
1339 2128 1352 2154 ‚
1377 2099 1435 2141 ut
1453 2109 1581 2155 saepe
1594 2128 1608 2153 ,
1647 2108 1826 2155 parum
1845 2107 1987 2154 aequa
2005 2089 2119 2139 fuit.
2138 2091 2277 2141 Nam

923 2197 1064 2241 cum,
1085 2188 1142 2228 ut
1159 2179 1351 2228 dictum
1365 2187 1459 2242 est,
1487 2179 1982 2242 Constantinopolim
2001 2179 2183 2227 missus
2202 2195 2277 2229 es-

921 2276 1017 2330 set,
1033 2268 1365 2331 dilectamque
1375 2284 1515 2316 suam
1525 2267 1773 2316 Graeciam
1785 2267 1930 2316 velut
1941 2266 2276 2331 redintegrato

921 2373 1090 2404 amore
1106 2355 1521 2419 complecteretur
1534 2354 1615 2419 (eo
1628 2340 1832 2416 melius,
1842 2371 1947 2418 quo
1961 2354 2152 2419 publici
2166 2372 2276 2405 mu-

920 2445 1056 2492 neris
1098 2444 1364 2492 auctoritas
1396 2444 1731 2507 opportunior
1757 2442 1901 2506 erat)
1927 2460 1937 2490 :
1966 2442 2275 2506 haberetque

921 2549 1093 2580 secum
1128 2530 1523 2581 eruditissimum
1559 2531 1819 2582 hominem
1850 2531 1882 2579 J
1883 2548 2099 2581 oannem
2127 2532 2184 2581 B.
2216 2532 2272 2579 C.

920 2618 1130 2673 d‘Ansse
1148 2620 1210 2669 de
1224 2620 1483 2669 Villoison
1505 2637 1515 2667 :
1539 2621 1604 2682 is,
1639 2628 1696 2670 ut
1722 2627 1828 2670 erat
1848 2620 2120 2671 acerrimus
2142 2621 2273 2669 anti-

920 2723 1142 2769 quorum
1165 2707 1397 2757 codicum
1412 2709 1765 2773 investigator,
1787 2705 2084 2758 Graecorum
2100 2724 2272 2757 mona·
2318 2744 2320 2746 ψ

920 2795 1070 2844 steria
1087 2795 1358 2860 percupide
1371 2796 1595 2862 quidem,
1612 2795 1698 2866 scd
1711 2795 1896 2848 frustra
1905 2834 1921 2856 ,
1935 2796 2272 2848 concursavit.
