<?xml version="1.0" encoding="UTF-8"?>
<!DOCTYPE html PUBLIC "-//W3C//DTD XHTML 1.0 Transitional//EN"
    "http://www.w3.org/TR/xhtml1/DTD/xhtml1-transitional.dtd">
<html xmlns="http://www.w3.org/1999/xhtml" xml:lang="en" lang="en">
 <head>
  <title>
</title>
<meta http-equiv="Content-Type" content="text/html;charset=utf-8" />
  <meta name='ocr-system' content='tesseract 3.04.00' />
  <meta name='ocr-capabilities' content='ocr_page ocr_carea ocr_par ocr_line ocrx_word'/>
</head>
<body>
  <div class='ocr_page' id='page_1' title='image "./demagistratibusr00lyduuoft_0362.png"; bbox 0 0 2748 3834; ppageno 0'>
   <div class='ocr_carea' id='block_1_1' title="bbox 929 500 2000 549">
    <p class='ocr_par' dir='ltr' id='par_1_1' title="bbox 929 500 2000 549">
     <span class='ocr_line' id='line_1_1' title="bbox 929 500 2000 549; baseline 0.002 -11"><span class='ocrx_word' id='word_1_1' title='bbox 929 500 1051 549; x_wconf 83' lang='lat'>-260</span> <span class='ocrx_word' id='word_1_2' title='bbox 1263 512 1392 544; x_wconf 60' lang='lat' dir='ltr'>Lym</span> <span class='ocrx_word' id='word_1_3' title='bbox 1428 510 1498 540; x_wconf 71' lang='lat' dir='ltr'>m:</span> <span class='ocrx_word' id='word_1_4' title='bbox 1531 508 2000 540; x_wconf 71' lang='grc' dir='ltr'>ΜΑοιετιιΑΤιΒυε</span> 
     </span>
    </p>
   </div>
   <div class='ocr_carea' id='block_1_2' title="bbox 833 605 934 687">
    <p class='ocr_par' dir='ltr' id='par_1_2' title="bbox 833 605 934 687">
     <span class='ocr_line' id='line_1_2' title="bbox 833 605 934 649; baseline -0.01 -12"><span class='ocrx_word' id='word_1_5' title='bbox 833 605 934 649; x_wconf 55' lang='grc' dir='ltr'>4ΠΟ.</span> 
     </span>
     <span class='ocr_line' id='line_1_3' title="bbox 835 647 933 687; baseline -0.01 -6"><span class='ocrx_word' id='word_1_6' title='bbox 835 647 933 687; x_wconf 61' lang='lat'><em>1281,</em></span> 
     </span>
    </p>
   </div>
   <div class='ocr_carea' id='block_1_3' title="bbox 834 703 919 736">
    <p class='ocr_par' dir='ltr' id='par_1_3' title="bbox 834 703 919 736">
     <span class='ocr_line' id='line_1_4' title="bbox 834 703 919 736; baseline -0.012 -12"><span class='ocrx_word' id='word_1_7' title='bbox 834 703 872 736; x_wconf 79' lang='grc' dir='ltr'>Ρ.</span> <span class='ocrx_word' id='word_1_8' title='bbox 885 703 919 724; x_wconf 76' lang='lat' dir='ltr'>V.</span> 
     </span>
    </p>
   </div>
   <div class='ocr_carea' id='block_1_4' title="bbox 955 575 2307 652">
    <p class='ocr_par' dir='ltr' id='par_1_4' title="bbox 955 575 2307 652">
     <span class='ocr_line' id='line_1_5' title="bbox 955 575 2307 652; baseline -0.003 -23"><span class='ocrx_word' id='word_1_9' title='bbox 955 592 1160 652; x_wconf 74' lang='grc' dir='ltr'><em>ἐπιχωρίου</em></span> <span class='ocrx_word' id='word_1_10' title='bbox 1194 592 1358 647; x_wconf 82' lang='grc' dir='ltr'>ς-ρατιοῖς</span> <span class='ocrx_word' id='word_1_11' title='bbox 1371 618 1386 640; x_wconf 89' lang='grc'>,</span> <span class='ocrx_word' id='word_1_12' title='bbox 1420 584 1539 627; x_wconf 83' lang='grc' dir='ltr'>εἴκοσι</span> <span class='ocrx_word' id='word_1_13' title='bbox 1567 583 1774 644; x_wconf 78' lang='grc' dir='ltr'>χρυσίνους</span> <span class='ocrx_word' id='word_1_14' title='bbox 1808 584 1982 628; x_wconf 86' lang='grc' dir='ltr'>ἀπαιτῶν</span> <span class='ocrx_word' id='word_1_15' title='bbox 1998 616 2014 638; x_wconf 92' lang='grc'>,</span> <span class='ocrx_word' id='word_1_16' title='bbox 2049 582 2232 645; x_wconf 73' lang='grc' dir='ltr'><em>εἰσφέρειν</em></span> <span class='ocrx_word' id='word_1_17' title='bbox 2260 575 2307 620; x_wconf 82' lang='lat'>*)</span> 
     </span>
    </p>
   </div>
   <div class='ocr_carea' id='block_1_5' title="bbox 948 659 2309 879">
    <p class='ocr_par' dir='ltr' id='par_1_5' title="bbox 948 659 2309 879">
     <span class='ocr_line' id='line_1_6' title="bbox 951 659 2309 726; baseline -0.008 -15"><span class='ocrx_word' id='word_1_18' title='bbox 951 670 1057 726; x_wconf 79' lang='grc' dir='ltr'>αὐτῷ</span> <span class='ocrx_word' id='word_1_19' title='bbox 1082 665 1238 708; x_wconf 86' lang='grc' dir='ltr'>συνώθει</span> <span class='ocrx_word' id='word_1_20' title='bbox 1265 663 1336 705; x_wconf 80' lang='grc' dir='ltr'>οὐκ</span> <span class='ocrx_word' id='word_1_21' title='bbox 1361 664 1524 719; x_wconf 82' lang='grc' dir='ltr'>ἔχοντα,</span> <span class='ocrx_word' id='word_1_22' title='bbox 1556 659 1621 703; x_wconf 86' lang='grc' dir='ltr'>καὶ</span> <span class='ocrx_word' id='word_1_23' title='bbox 1648 664 1777 705; x_wconf 80' lang='grc' dir='ltr'>πάντα</span> <span class='ocrx_word' id='word_1_24' title='bbox 1799 661 1849 704; x_wconf 84' lang='grc' dir='ltr'>τά</span> <span class='ocrx_word' id='word_1_25' title='bbox 1881 665 1956 705; x_wconf 85' lang='grc' dir='ltr'>τῶν</span> <span class='ocrx_word' id='word_1_26' title='bbox 1987 665 2129 705; x_wconf 87' lang='grc' dir='ltr'>ποινῶν</span> <span class='ocrx_word' id='word_1_27' title='bbox 2163 661 2309 721; x_wconf 76' lang='grc' dir='ltr'>ὄργανα</span> 
     </span>
     <span class='ocr_line' id='line_1_7' title="bbox 949 733 2308 800; baseline -0.004 -16"><span class='ocrx_word' id='word_1_28' title='bbox 949 740 1171 800; x_wconf 69' lang='grc' dir='ltr'>ἀπήμὸλυνε</span> <span class='ocrx_word' id='word_1_29' title='bbox 1187 742 1267 788; x_wconf 86' lang='grc' dir='ltr'>τοῖς</span> <span class='ocrx_word' id='word_1_30' title='bbox 1289 739 1435 800; x_wconf 80' lang='grc' dir='ltr'><em>νεύροις</em></span> <span class='ocrx_word' id='word_1_31' title='bbox 1457 741 1531 783; x_wconf 87' lang='grc' dir='ltr'>τοῦ</span> <span class='ocrx_word' id='word_1_32' title='bbox 1549 738 1681 782; x_wconf 81' lang='grc' dir='ltr'>ἀθλίου</span> <span class='ocrx_word' id='word_1_33' title='bbox 1713 739 1889 789; x_wconf 84' lang='grc' dir='ltr'>πένητος·</span> <span class='ocrx_word' id='word_1_34' title='bbox 1916 737 1958 788; x_wconf 80' lang='grc' dir='ltr'>ὃς</span> <span class='ocrx_word' id='word_1_35' title='bbox 1987 737 2032 783; x_wconf 82' lang='grc' dir='ltr'>τὸ</span> <span class='ocrx_word' id='word_1_36' title='bbox 2055 738 2191 783; x_wconf 86' lang='grc' dir='ltr'>λοιπὸν</span> <span class='ocrx_word' id='word_1_37' title='bbox 2210 733 2308 795; x_wconf 86' lang='grc' dir='ltr'>μηδὲ</span> 
     </span>
     <span class='ocr_line' id='line_1_8' title="bbox 948 813 2304 879; baseline -0.004 -17"><span class='ocrx_word' id='word_1_38' title='bbox 948 826 1017 879; x_wconf 78' lang='grc' dir='ltr'>ζῇν</span> <span class='ocrx_word' id='word_1_39' title='bbox 1043 817 1264 876; x_wconf 82' lang='grc' dir='ltr'>ὑπομένων,</span> <span class='ocrx_word' id='word_1_40' title='bbox 1290 815 1389 875; x_wconf 88' lang='grc' dir='ltr'>μηδὲ</span> <span class='ocrx_word' id='word_1_41' title='bbox 1418 817 1597 873; x_wconf 76' lang='grc' dir='ltr'>τελευτᾷν</span> <span class='ocrx_word' id='word_1_42' title='bbox 1629 816 1975 878; x_wconf 79' lang='grc' dir='ltr'>συγχωρούμενος,</span> <span class='ocrx_word' id='word_1_43' title='bbox 2005 818 2121 876; x_wconf 71' lang='grc' dir='ltr'>τέχνῃ</span> <span class='ocrx_word' id='word_1_44' title='bbox 2144 813 2304 875; x_wconf 80' lang='grc' dir='ltr'>μετῆλθε</span> 
     </span>
    </p>
   </div>
   <div class='ocr_carea' id='block_1_6' title="bbox 947 890 2333 962">
    <p class='ocr_par' dir='ltr' id='par_1_6' title="bbox 947 890 2333 962">
     <span class='ocr_line' id='line_1_9' title="bbox 947 890 2333 962; baseline -0.003 -21"><span class='ocrx_word' id='word_1_45' title='bbox 947 897 1016 942; x_wconf 85' lang='grc' dir='ltr'>τὸν</span> <span class='ocrx_word' id='word_1_46' title='bbox 1044 898 1234 941; x_wconf 63' lang='grc' dir='ltr'>θάνατον.</span> <span class='ocrx_word' id='word_1_47' title='bbox 1259 895 1409 940; x_wconf 72' lang='grc' dir='ltr'>Λαὸὼν</span> <span class='ocrx_word' id='word_1_48' title='bbox 1436 890 1505 940; x_wconf 78' lang='grc' dir='ltr'>οὖν</span> <span class='ocrx_word' id='word_1_49' title='bbox 1535 894 1626 946; x_wconf 83' lang='grc' dir='ltr'>τοὺς</span> <span class='ocrx_word' id='word_1_50' title='bbox 1655 895 1934 958; x_wconf 85' lang='grc' dir='ltr'>ποι-νουργοὺς,</span> <span class='ocrx_word' id='word_1_51' title='bbox 1965 895 2028 940; x_wconf 83' lang='grc' dir='ltr'>καὶ</span> <span class='ocrx_word' id='word_1_52' title='bbox 2055 894 2188 940; x_wconf 84' lang='grc' dir='ltr'>δοῦναι</span> <span class='ocrx_word' id='word_1_53' title='bbox 2211 891 2304 943; x_wconf 85' lang='grc' dir='ltr'>τοὺς</span> <span class='ocrx_word' id='word_1_54' title='bbox 2327 955 2333 962; x_wconf 22' lang='grc' dir='ltr'>ἱ</span> 
     </span>
    </p>
   </div>
   <div class='ocr_carea' id='block_1_7' title="bbox 948 971 2310 1582">
    <p class='ocr_par' dir='ltr' id='par_1_7' title="bbox 948 971 2310 1582">
     <span class='ocr_line' id='line_1_10' title="bbox 948 971 2307 1036; baseline -0.002 -18"><span class='ocrx_word' id='word_1_55' title='bbox 948 975 1066 1018; x_wconf 77' lang='grc' dir='ltr'>ε’ίκοσι</span> <span class='ocrx_word' id='word_1_56' title='bbox 1090 978 1262 1036; x_wconf 84' lang='grc' dir='ltr'>χρυσοῦς</span> <span class='ocrx_word' id='word_1_57' title='bbox 1290 971 1333 1024; x_wconf 83' lang='grc' dir='ltr'>ἐξ</span> <span class='ocrx_word' id='word_1_58' title='bbox 1356 974 1528 1033; x_wconf 74' lang='grc' dir='ltr'>ἀνάγκης</span> <span class='ocrx_word' id='word_1_59' title='bbox 1559 973 1914 1034; x_wconf 82' lang='grc' dir='ltr'>ἀπαγγειλάμενος,</span> <span class='ocrx_word' id='word_1_60' title='bbox 1943 974 1978 1018; x_wconf 78' lang='grc' dir='ltr'>εἴ</span> <span class='ocrx_word' id='word_1_61' title='bbox 2001 973 2307 1034; x_wconf 82' lang='grc' dir='ltr'>τυχὸν.ἕψονται</span> 
     </span>
     <span class='ocr_line' id='line_1_11' title="bbox 949 1049 2308 1112; baseline -0.004 -15"><span class='ocrx_word' id='word_1_62' title='bbox 949 1051 1011 1097; x_wconf 86' lang='grc' dir='ltr'>ἐπὶ</span> <span class='ocrx_word' id='word_1_63' title='bbox 1028 1052 1072 1096; x_wconf 85' lang='grc' dir='ltr'>τὸ</span> <span class='ocrx_word' id='word_1_64' title='bbox 1089 1053 1328 1112; x_wconf 77' lang='grc' dir='ltr'>καταγώγιον</span> <span class='ocrx_word' id='word_1_65' title='bbox 1346 1049 1452 1111; x_wconf 67' lang='grc' dir='ltr'>αὐτῷ</span> <span class='ocrx_word' id='word_1_66' title='bbox 1467 1051 1669 1111; x_wconf 76' lang='grc' dir='ltr'>γινομένῳ,</span> <span class='ocrx_word' id='word_1_67' title='bbox 1688 1052 1741 1100; x_wconf 90' lang='grc' dir='ltr'>ὡς</span> <span class='ocrx_word' id='word_1_68' title='bbox 1757 1049 1867 1100; x_wconf 75' lang='grc' dir='ltr'>ἦλθεν</span> <span class='ocrx_word' id='word_1_69' title='bbox 1885 1050 1982 1107; x_wconf 83' lang='grc' dir='ltr'>ἐκεῖ,</span> <span class='ocrx_word' id='word_1_70' title='bbox 1998 1050 2213 1112; x_wconf 85' lang='grc' dir='ltr'>παρελθὼν,</span> <span class='ocrx_word' id='word_1_71' title='bbox 2231 1053 2308 1093; x_wconf 89' lang='grc' dir='ltr'>τῶν</span> 
     </span>
     <span class='ocr_line' id='line_1_12' title="bbox 950 1127 2310 1192; baseline -0.001 -19"><span class='ocrx_word' id='word_1_72' title='bbox 950 1131 1131 1192; x_wconf 72' lang='grc' dir='ltr'>φυλάκων</span> <span class='ocrx_word' id='word_1_73' title='bbox 1152 1127 1287 1181; x_wconf 80' lang='grc' dir='ltr'>ἔξωθεν</span> <span class='ocrx_word' id='word_1_74' title='bbox 1318 1130 1647 1192; x_wconf 82' lang='grc' dir='ltr'>προς-ηρούντων,</span> <span class='ocrx_word' id='word_1_75' title='bbox 1675 1128 1823 1191; x_wconf 87' lang='grc' dir='ltr'>βρόχον</span> <span class='ocrx_word' id='word_1_76' title='bbox 1845 1128 1990 1187; x_wconf 77' lang='grc' dir='ltr'>ἐνάψας</span> <span class='ocrx_word' id='word_1_77' title='bbox 2019 1135 2075 1190; x_wconf 85' lang='grc' dir='ltr'>τῷ</span> <span class='ocrx_word' id='word_1_78' title='bbox 2105 1127 2310 1190; x_wconf 84' lang='grc' dir='ltr'>τραχήλῳ,</span> 
     </span>
     <span class='ocr_line' id='line_1_13' title="bbox 951 1196 2306 1269; baseline -0.004 -17"><span class='ocrx_word' id='word_1_79' title='bbox 951 1214 1018 1258; x_wconf 84' lang='grc' dir='ltr'>τῆς</span> <span class='ocrx_word' id='word_1_80' title='bbox 1042 1212 1145 1261; x_wconf 84' lang='grc' dir='ltr'><em>ζωῆς</em></span> <span class='ocrx_word' id='word_1_81' title='bbox 1165 1208 1387 1268; x_wconf 73' lang='grc' dir='ltr'>ἀπηλλάγη.</span> <span class='ocrx_word' id='word_1_82' title='bbox 1411 1196 1473 1258; x_wconf 77' lang='grc' dir='ltr'>Ως</span> <span class='ocrx_word' id='word_1_83' title='bbox 1493 1205 1535 1252; x_wconf 85' lang='grc' dir='ltr'>δὲ</span> <span class='ocrx_word' id='word_1_84' title='bbox 1551 1207 1595 1253; x_wconf 85' lang='grc' dir='ltr'><em>τό</em></span> <span class='ocrx_word' id='word_1_85' title='bbox 1617 1207 1754 1253; x_wconf 82' lang='grc' dir='ltr'>λοιπὸν</span> <span class='ocrx_word' id='word_1_86' title='bbox 1777 1207 1822 1252; x_wconf 77' lang='grc' dir='ltr'>οὐ</span> <span class='ocrx_word' id='word_1_87' title='bbox 1841 1207 2052 1269; x_wconf 80' lang='grc' dir='ltr'>προῆλθεν,</span> <span class='ocrx_word' id='word_1_88' title='bbox 2073 1207 2306 1268; x_wconf 81' lang='grc' dir='ltr'>εῖσφρήσαν·</span> 
     </span>
     <span class='ocr_line' id='line_1_14' title="bbox 950 1282 2306 1349; baseline -0.002 -20"><span class='ocrx_word' id='word_1_89' title='bbox 950 1302 1012 1336; x_wconf 86' lang='grc' dir='ltr'>τες</span> <span class='ocrx_word' id='word_1_90' title='bbox 1054 1285 1186 1330; x_wconf 85' lang='grc' dir='ltr'>ἐκεῖνοι</span> <span class='ocrx_word' id='word_1_91' title='bbox 1219 1285 1283 1330; x_wconf 81' lang='grc' dir='ltr'>καὶ</span> <span class='ocrx_word' id='word_1_92' title='bbox 1317 1285 1570 1349; x_wconf 80' lang='grc' dir='ltr'>ἐξηρτημένον</span> <span class='ocrx_word' id='word_1_93' title='bbox 1599 1285 1718 1331; x_wconf 79' lang='grc' dir='ltr'>αὐτὸν</span> <span class='ocrx_word' id='word_1_94' title='bbox 1751 1283 1896 1335; x_wconf 76' lang='grc' dir='ltr'>ἰδόντες</span> <span class='ocrx_word' id='word_1_95' title='bbox 1920 1319 1936 1342; x_wconf 96' lang='grc'>,</span> <span class='ocrx_word' id='word_1_96' title='bbox 1979 1285 2046 1330; x_wconf 81' lang='grc' dir='ltr'>τὸν</span> <span class='ocrx_word' id='word_1_97' title='bbox 2079 1283 2147 1345; x_wconf 84' lang='grc' dir='ltr'>μὲν</span> <span class='ocrx_word' id='word_1_98' title='bbox 2173 1282 2306 1345; x_wconf 77' lang='grc' dir='ltr'>νεκρὸν</span> 
     </span>
     <span class='ocr_line' id='line_1_15' title="bbox 951 1361 2305 1427; baseline -0.002 -19"><span class='ocrx_word' id='word_1_99' title='bbox 951 1364 1075 1408; x_wconf 73' lang='grc' dir='ltr'>αὐτοῦ</span> <span class='ocrx_word' id='word_1_100' title='bbox 1110 1363 1270 1426; x_wconf 82' lang='grc' dir='ltr'>ἔῤῥιψαν</span> <span class='ocrx_word' id='word_1_101' title='bbox 1297 1363 1358 1409; x_wconf 73' lang='grc' dir='ltr'>ἐπ’</span> <span class='ocrx_word' id='word_1_102' title='bbox 1385 1366 1534 1427; x_wconf 75' lang='grc' dir='ltr'>ἀγορᾶς</span> <span class='ocrx_word' id='word_1_103' title='bbox 1571 1367 1858 1424; x_wconf 84' lang='grc' dir='ltr'>συμπατοῦντες</span> <span class='ocrx_word' id='word_1_104' title='bbox 1877 1396 1893 1419; x_wconf 91' lang='grc'>,</span> <span class='ocrx_word' id='word_1_105' title='bbox 1923 1363 1976 1413; x_wconf 88' lang='grc' dir='ltr'>ὡς</span> <span class='ocrx_word' id='word_1_106' title='bbox 2008 1361 2118 1411; x_wconf 75' lang='grc' dir='ltr'>δῆθεν</span> <span class='ocrx_word' id='word_1_107' title='bbox 2158 1364 2305 1411; x_wconf 79' lang='grc' dir='ltr'>ἠπατη-</span> 
     </span>
     <span class='ocr_line' id='line_1_16' title="bbox 949 1439 2306 1506; baseline -0.002 -21"><span class='ocrx_word' id='word_1_108' title='bbox 949 1443 1072 1504; x_wconf 85' lang='grc' dir='ltr'>μένοι·</span> <span class='ocrx_word' id='word_1_109' title='bbox 1104 1443 1154 1486; x_wconf 85' lang='grc' dir='ltr'>τά</span> <span class='ocrx_word' id='word_1_110' title='bbox 1181 1440 1223 1486; x_wconf 88' lang='grc' dir='ltr'>δὲ</span> <span class='ocrx_word' id='word_1_111' title='bbox 1249 1443 1341 1486; x_wconf 77' lang='grc' dir='ltr'>ὄντα</span> <span class='ocrx_word' id='word_1_112' title='bbox 1364 1443 1471 1505; x_wconf 77' lang='grc' dir='ltr'>αὐτῷ</span> <span class='ocrx_word' id='word_1_113' title='bbox 1492 1442 1729 1506; x_wconf 80' lang='grc' dir='ltr'>διήρπασαν,</span> <span class='ocrx_word' id='word_1_114' title='bbox 1765 1441 1863 1502; x_wconf 84' lang='grc' dir='ltr'>μηδὲ</span> <span class='ocrx_word' id='word_1_115' title='bbox 1893 1442 1992 1504; x_wconf 86' lang='grc' dir='ltr'>πρὸς</span> <span class='ocrx_word' id='word_1_116' title='bbox 2010 1444 2135 1502; x_wconf 82' lang='grc' dir='ltr'>ταφὴν</span> <span class='ocrx_word' id='word_1_117' title='bbox 2153 1439 2306 1500; x_wconf 79' lang='grc' dir='ltr'>οἰκτροῦ</span> 
     </span>
     <span class='ocr_line' id='line_1_17' title="bbox 950 1515 1654 1582; baseline 0.003 -20"><span class='ocrx_word' id='word_1_118' title='bbox 950 1535 1052 1569; x_wconf 89' lang='grc' dir='ltr'>τινος</span> <span class='ocrx_word' id='word_1_119' title='bbox 1069 1519 1330 1582; x_wconf 81' lang='grc' dir='ltr'>ἐπιῤῥήματος</span> <span class='ocrx_word' id='word_1_120' title='bbox 1351 1515 1389 1560; x_wconf 89' lang='lat'>¹)</span> <span class='ocrx_word' id='word_1_121' title='bbox 1406 1518 1654 1573; x_wconf 76' lang='grc' dir='ltr'>ἀξιώσαντες.</span> 
     </span>
    </p>
   </div>
   <div class='ocr_carea' id='block_1_8' title="bbox 1020 1593 2315 1661">
    <p class='ocr_par' dir='ltr' id='par_1_8' title="bbox 1020 1593 2315 1661">
     <span class='ocr_line' id='line_1_18' title="bbox 1020 1593 2315 1661; baseline -0.002 -21"><span class='ocrx_word' id='word_1_122' title='bbox 1020 1593 1100 1641; x_wconf 86' lang='lat'>61.</span> <span class='ocrx_word' id='word_1_123' title='bbox 1139 1598 1342 1649; x_wconf 83' lang='grc' dir='ltr'>Τοιούτοις</span> <span class='ocrx_word' id='word_1_124' title='bbox 1359 1600 1653 1661; x_wconf 74' lang='grc' dir='ltr'>κατορθώμασιν</span> <span class='ocrx_word' id='word_1_125' title='bbox 1674 1595 2006 1658; x_wconf 80' lang='grc' dir='ltr'>ἐνασχολούμενος</span> <span class='ocrx_word' id='word_1_126' title='bbox 2035 1595 2055 1640; x_wconf 86' lang='grc' dir='ltr'>ὁ</span> <span class='ocrx_word' id='word_1_127' title='bbox 2077 1593 2315 1658; x_wconf 85' lang='grc' dir='ltr'>λης-ρυγὼν,</span> 
     </span>
    </p>
   </div>
   <div class='ocr_carea' id='block_1_9' title="bbox 948 1670 2316 2436">
    <p class='ocr_par' dir='ltr' id='par_1_9' title="bbox 948 1670 2316 2436">
     <span class='ocr_line' id='line_1_19' title="bbox 952 1670 2310 1739; baseline 0.005 -21"><span class='ocrx_word' id='word_1_128' title='bbox 952 1673 976 1722; x_wconf 73' lang='grc' dir='ltr'>ἢ</span> <span class='ocrx_word' id='word_1_129' title='bbox 994 1675 1140 1736; x_wconf 77' lang='grc' dir='ltr'>μᾶλλον</span> <span class='ocrx_word' id='word_1_130' title='bbox 1157 1676 1177 1719; x_wconf 86' lang='grc' dir='ltr'>ὁ</span> <span class='ocrx_word' id='word_1_131' title='bbox 1194 1676 1471 1739; x_wconf 80' lang='grc' dir='ltr'>τεκνοῤῥαίς-ης</span> <span class='ocrx_word' id='word_1_132' title='bbox 1498 1672 1539 1717; x_wconf 85' lang='lat'>2)</span> <span class='ocrx_word' id='word_1_133' title='bbox 1548 1711 1562 1734; x_wconf 83' lang='grc'>,</span> <span class='ocrx_word' id='word_1_134' title='bbox 1578 1676 1731 1736; x_wconf 82' lang='grc' dir='ltr'>λυμεὼν</span> <span class='ocrx_word' id='word_1_135' title='bbox 1749 1675 1843 1735; x_wconf 84' lang='grc' dir='ltr'>ε’μῆς</span> <span class='ocrx_word' id='word_1_136' title='bbox 1861 1678 2011 1737; x_wconf 71' lang='grc' dir='ltr'>πάτρης</span> <span class='ocrx_word' id='word_1_137' title='bbox 2020 1708 2034 1730; x_wconf 87' lang='grc'>,</span> <span class='ocrx_word' id='word_1_138' title='bbox 2060 1672 2139 1732; x_wconf 78' lang='grc' dir='ltr'>(ὥς</span> <span class='ocrx_word' id='word_1_139' title='bbox 2159 1687 2272 1735; x_wconf 64' lang='grc' dir='ltr'>φησιν</span> <span class='ocrx_word' id='word_1_140' title='bbox 2288 1670 2310 1714; x_wconf 70' lang='grc' dir='ltr'>ὁ</span> 
     </span>
     <span class='ocr_line' id='line_1_20' title="bbox 952 1749 2316 1820; baseline -0.004 -21"><span class='ocrx_word' id='word_1_141' title='bbox 952 1753 1175 1816; x_wconf 81' lang='grc' dir='ltr'>Λυκόφρων</span> <span class='ocrx_word' id='word_1_142' title='bbox 1200 1749 1240 1795; x_wconf 81' lang='lat'>5)</span> <span class='ocrx_word' id='word_1_143' title='bbox 1262 1756 1401 1806; x_wconf 85' lang='grc' dir='ltr'>ἐκεῖνος</span> <span class='ocrx_word' id='word_1_144' title='bbox 1411 1757 1451 1815; x_wconf 91' lang='grc'>,)</span> <span class='ocrx_word' id='word_1_145' title='bbox 1481 1756 1542 1820; x_wconf 76' lang='grc' dir='ltr'>ἐφ’</span> <span class='ocrx_word' id='word_1_146' title='bbox 1567 1757 1654 1801; x_wconf 84' lang='grc' dir='ltr'>ὅλον</span> <span class='ocrx_word' id='word_1_147' title='bbox 1677 1750 1719 1796; x_wconf 84' lang='lat'>4)</span> <span class='ocrx_word' id='word_1_148' title='bbox 1742 1758 1826 1805; x_wconf 83' lang='grc' dir='ltr'>ἔτος</span> <span class='ocrx_word' id='word_1_149' title='bbox 1843 1757 1910 1803; x_wconf 77' lang='grc' dir='ltr'>τὴν</span> <span class='ocrx_word' id='word_1_150' title='bbox 1927 1754 2112 1816; x_wconf 83' lang='grc' dir='ltr'>πόρθησιν</span> <span class='ocrx_word' id='word_1_151' title='bbox 2129 1757 2204 1797; x_wconf 88' lang='grc' dir='ltr'>τῶν</span> <span class='ocrx_word' id='word_1_152' title='bbox 2222 1750 2316 1796; x_wconf 87' lang='grc' dir='ltr'>Λυ-</span> 
     </span>
     <span class='ocr_line' id='line_1_21' title="bbox 954 1828 2312 1896; baseline -0.001 -24"><span class='ocrx_word' id='word_1_153' title='bbox 954 1828 1031 1873; x_wconf 84' lang='grc' dir='ltr'>δῶν</span> <span class='ocrx_word' id='word_1_154' title='bbox 1066 1830 1231 1877; x_wconf 73' lang='grc' dir='ltr'>διέτεινε.</span> <span class='ocrx_word' id='word_1_155' title='bbox 1267 1834 1463 1896; x_wconf 82' lang='grc' dir='ltr'>Γλίσχρον</span> <span class='ocrx_word' id='word_1_156' title='bbox 1495 1832 1538 1878; x_wconf 84' lang='grc' dir='ltr'>δὲ</span> <span class='ocrx_word' id='word_1_157' title='bbox 1569 1834 1633 1878; x_wconf 84' lang='grc' dir='ltr'>καὶ</span> <span class='ocrx_word' id='word_1_158' title='bbox 1669 1834 1815 1896; x_wconf 81' lang='grc' dir='ltr'>φαῦλον</span> <span class='ocrx_word' id='word_1_159' title='bbox 1844 1833 2056 1892; x_wconf 80' lang='grc' dir='ltr'>ἡγούμενος</span> <span class='ocrx_word' id='word_1_160' title='bbox 2075 1864 2090 1886; x_wconf 87' lang='grc'>,</span> <span class='ocrx_word' id='word_1_161' title='bbox 2132 1830 2168 1873; x_wconf 77' lang='grc' dir='ltr'>εἷ</span> <span class='ocrx_word' id='word_1_162' title='bbox 2193 1829 2312 1887; x_wconf 89' lang='grc' dir='ltr'>μόνην</span> 
     </span>
     <span class='ocr_line' id='line_1_22' title="bbox 952 1902 2312 1974; baseline -0.001 -21"><span class='ocrx_word' id='word_1_163' title='bbox 952 1910 1020 1956; x_wconf 80' lang='grc' dir='ltr'>τὴν</span> <span class='ocrx_word' id='word_1_164' title='bbox 1048 1912 1212 1971; x_wconf 87' lang='grc' dir='ltr'>πρόσθεν</span> <span class='ocrx_word' id='word_1_165' title='bbox 1241 1911 1452 1973; x_wconf 78' lang='grc' dir='ltr'>εὐδαίμονα</span> <span class='ocrx_word' id='word_1_166' title='bbox 1476 1912 1634 1959; x_wconf 87' lang='grc' dir='ltr'>Λυδίαν</span> <span class='ocrx_word' id='word_1_167' title='bbox 1662 1913 1805 1974; x_wconf 78' lang='grc' dir='ltr'>ὺπάγοι</span> <span class='ocrx_word' id='word_1_168' title='bbox 1841 1914 1922 1961; x_wconf 81' lang='grc' dir='ltr'>τοῖς</span> <span class='ocrx_word' id='word_1_169' title='bbox 1954 1909 2184 1969; x_wconf 85' lang='grc' dir='ltr'>ἀδικήμασιν</span> <span class='ocrx_word' id='word_1_170' title='bbox 2201 1941 2216 1963; x_wconf 90' lang='grc'>,</span> <span class='ocrx_word' id='word_1_171' title='bbox 2252 1902 2312 1967; x_wconf 81' lang='grc' dir='ltr'>ἐφ’</span> 
     </span>
     <span class='ocr_line' id='line_1_23' title="bbox 952 1981 2309 2053; baseline -0.007 -16"><span class='ocrx_word' id='word_1_172' title='bbox 952 1987 1042 2037; x_wconf 77' lang='grc' dir='ltr'>ὅλην</span> <span class='ocrx_word' id='word_1_173' title='bbox 1071 1981 1114 2027; x_wconf 85' lang='lat'>5)</span> <span class='ocrx_word' id='word_1_174' title='bbox 1143 1991 1243 2048; x_wconf 87' lang='grc' dir='ltr'>ὁμοῦ</span> <span class='ocrx_word' id='word_1_175' title='bbox 1274 1993 1340 2039; x_wconf 77' lang='grc' dir='ltr'>τὴν</span> <span class='ocrx_word' id='word_1_176' title='bbox 1370 1999 1439 2040; x_wconf 83' lang='grc' dir='ltr'>τῆς</span> <span class='ocrx_word' id='word_1_177' title='bbox 1473 1982 1645 2041; x_wconf 80' lang='grc' dir='ltr'>Ᾱσιανῆς</span> <span class='ocrx_word' id='word_1_178' title='bbox 1670 1992 1822 2053; x_wconf 73' lang='grc' dir='ltr'>ῥάχεως</span> <span class='ocrx_word' id='word_1_179' title='bbox 1852 1988 2034 2039; x_wconf 86' lang='grc' dir='ltr'>διοίκησιν</span> <span class='ocrx_word' id='word_1_180' title='bbox 2068 1984 2238 2030; x_wconf 83' lang='grc' dir='ltr'>συνεῖδεν</span> <span class='ocrx_word' id='word_1_181' title='bbox 2266 1983 2309 2027; x_wconf 81' lang='grc' dir='ltr'>ἐκ</span> 
     </span>
     <span class='ocr_line' id='line_1_24' title="bbox 953 2058 2311 2126; baseline -0.004 -18"><span class='ocrx_word' id='word_1_182' title='bbox 953 2058 1069 2108; x_wconf 84' lang='grc' dir='ltr'>τεῖναι</span> <span class='ocrx_word' id='word_1_183' title='bbox 1091 2067 1158 2111; x_wconf 78' lang='grc' dir='ltr'>τὴν</span> <span class='ocrx_word' id='word_1_184' title='bbox 1189 2066 1380 2110; x_wconf 71' lang='grc' dir='ltr'>ἀσέὸειαν.</span> <span class='ocrx_word' id='word_1_185' title='bbox 1405 2068 1547 2125; x_wconf 87' lang='grc' dir='ltr'>Νόμος</span> <span class='ocrx_word' id='word_1_186' title='bbox 1569 2068 1712 2110; x_wconf 80' lang='grc' dir='ltr'>ἄνωθεν</span> <span class='ocrx_word' id='word_1_187' title='bbox 1741 2067 1949 2126; x_wconf 76' lang='grc' dir='ltr'>ἐκράτησε,</span> <span class='ocrx_word' id='word_1_188' title='bbox 1970 2062 2116 2108; x_wconf 84' lang='grc' dir='ltr'>πλατὺν</span> <span class='ocrx_word' id='word_1_189' title='bbox 2138 2067 2222 2120; x_wconf 86' lang='grc' dir='ltr'>ἅμα</span> <span class='ocrx_word' id='word_1_190' title='bbox 2245 2060 2311 2119; x_wconf 77' lang='grc' dir='ltr'>καὶ</span> 
     </span>
     <span class='ocr_line' id='line_1_25' title="bbox 953 2135 2310 2202; baseline -0.001 -20"><span class='ocrx_word' id='word_1_191' title='bbox 953 2137 1043 2190; x_wconf 79' lang='grc' dir='ltr'>ὀξὺν</span> <span class='ocrx_word' id='word_1_192' title='bbox 1078 2137 1224 2199; x_wconf 84' lang='grc' dir='ltr'>δρόμον</span> <span class='ocrx_word' id='word_1_193' title='bbox 1251 2135 1292 2180; x_wconf 91' lang='lat'>6)</span> <span class='ocrx_word' id='word_1_194' title='bbox 1321 2139 1535 2202; x_wconf 84' lang='grc' dir='ltr'>ἐνιδρύσθαι</span> <span class='ocrx_word' id='word_1_195' title='bbox 1570 2144 1652 2191; x_wconf 86' lang='grc' dir='ltr'>ταῖς</span> <span class='ocrx_word' id='word_1_196' title='bbox 1679 2141 1894 2202; x_wconf 85' lang='grc' dir='ltr'>ἐπαρχίαις·</span> <span class='ocrx_word' id='word_1_197' title='bbox 1927 2136 1982 2182; x_wconf 78' lang='grc' dir='ltr'>ὧν</span> <span class='ocrx_word' id='word_1_198' title='bbox 2009 2140 2030 2181; x_wconf 87' lang='grc' dir='ltr'>ὁ</span> <span class='ocrx_word' id='word_1_199' title='bbox 2060 2138 2130 2196; x_wconf 87' lang='grc' dir='ltr'>μὲν</span> <span class='ocrx_word' id='word_1_200' title='bbox 2161 2136 2310 2186; x_wconf 83' lang='grc' dir='ltr'>πλατὺς</span> 
     </span>
     <span class='ocr_line' id='line_1_26' title="bbox 951 2208 2308 2279; baseline -0.001 -21"><span class='ocrx_word' id='word_1_201' title='bbox 951 2215 1142 2274; x_wconf 84' lang='grc' dir='ltr'>ὀχήμασιν</span> <span class='ocrx_word' id='word_1_202' title='bbox 1170 2217 1337 2278; x_wconf 79' lang='grc' dir='ltr'>ἐχρῆτο,</span> <span class='ocrx_word' id='word_1_203' title='bbox 1362 2219 1382 2260; x_wconf 91' lang='grc' dir='ltr'>ὁ</span> <span class='ocrx_word' id='word_1_204' title='bbox 1412 2217 1454 2262; x_wconf 87' lang='grc' dir='ltr'>δὲ</span> <span class='ocrx_word' id='word_1_205' title='bbox 1480 2217 1570 2270; x_wconf 83' lang='grc' dir='ltr'>ὀξὺς</span> <span class='ocrx_word' id='word_1_206' title='bbox 1595 2218 1819 2278; x_wconf 84' lang='grc' dir='ltr'>ὑποζυγίοις</span> <span class='ocrx_word' id='word_1_207' title='bbox 1846 2222 1978 2279; x_wconf 74' lang='grc' dir='ltr'>ἵπποις</span> <span class='ocrx_word' id='word_1_208' title='bbox 2008 2211 2244 2276; x_wconf 81' lang='grc' dir='ltr'>(βεραίδους</span> <span class='ocrx_word' id='word_1_209' title='bbox 2268 2208 2308 2254; x_wconf 95' lang='grc'>7)</span> 
     </span>
     <span class='ocr_line' id='line_1_27' title="bbox 948 2289 2311 2355; baseline -0.001 -19"><span class='ocrx_word' id='word_1_210' title='bbox 948 2291 1093 2342; x_wconf 78' lang='grc' dir='ltr'>αὐτοὺς</span> <span class='ocrx_word' id='word_1_211' title='bbox 1118 2292 1154 2336; x_wconf 86' lang='grc' dir='ltr'>οἱ</span> <span class='ocrx_word' id='word_1_212' title='bbox 1170 2298 1405 2355; x_wconf 72' lang='grc' dir='ltr'>κρατοῦντες</span> <span class='ocrx_word' id='word_1_213' title='bbox 1431 2296 1655 2355; x_wconf 88' lang='grc' dir='ltr'>ὠνόμασαν·</span> <span class='ocrx_word' id='word_1_214' title='bbox 1680 2295 1744 2340; x_wconf 86' lang='grc' dir='ltr'>καὶ</span> <span class='ocrx_word' id='word_1_215' title='bbox 1775 2290 1900 2343; x_wconf 70' lang='grc' dir='ltr'>8·).τὴν</span> <span class='ocrx_word' id='word_1_216' title='bbox 1923 2294 2045 2338; x_wconf 85' lang='grc' dir='ltr'>αἰτίαν</span> <span class='ocrx_word' id='word_1_217' title='bbox 2062 2292 2101 2336; x_wconf 83' lang='grc' dir='ltr'>ἐν</span> <span class='ocrx_word' id='word_1_218' title='bbox 2124 2289 2204 2342; x_wconf 78' lang='grc' dir='ltr'>τοῖς</span> <span class='ocrx_word' id='word_1_219' title='bbox 2219 2290 2311 2354; x_wconf 76' lang='grc' dir='ltr'>περὶ</span> 
     </span>
     <span class='ocr_line' id='line_1_28' title="bbox 948 2369 2307 2436; baseline 0.001 -22"><span class='ocrx_word' id='word_1_220' title='bbox 948 2375 1078 2432; x_wconf 84' lang='grc' dir='ltr'>μηνῶν</span> <span class='ocrx_word' id='word_1_221' title='bbox 1104 2371 1212 2430; x_wconf 81' lang='grc' dir='ltr'>ἴσμεν</span> <span class='ocrx_word' id='word_1_222' title='bbox 1246 2369 1528 2435; x_wconf 64' lang='grc' dir='ltr'>ἀποθέμενοι).</span> <span class='ocrx_word' id='word_1_223' title='bbox 1562 2376 1648 2424; x_wconf 76' lang='grc' dir='ltr'>Τῆς</span> <span class='ocrx_word' id='word_1_224' title='bbox 1673 2375 1750 2436; x_wconf 83' lang='grc' dir='ltr'>γάρ</span> <span class='ocrx_word' id='word_1_225' title='bbox 1779 2373 1938 2435; x_wconf 79' lang='grc' dir='ltr'>ἠπείρου</span> <span class='ocrx_word' id='word_1_226' title='bbox 1976 2369 2116 2431; x_wconf 82' lang='grc' dir='ltr'>σχεδὸν</span> <span class='ocrx_word' id='word_1_227' title='bbox 2151 2372 2307 2421; x_wconf 72' lang='grc' dir='ltr'>ἀπάσης</span> 
     </span>
    </p>
   </div>
   <div class='ocr_carea' id='block_1_10' title="bbox 999 2512 2306 2893">
    <p class='ocr_par' dir='ltr' id='par_1_10' title="bbox 1003 2512 2306 2634">
     <span class='ocr_line' id='line_1_29' title="bbox 1007 2512 2306 2572; baseline 0.001 -15"><span class='ocrx_word' id='word_1_228' title='bbox 1007 2518 1051 2565; x_wconf 86' lang='lat'>1)</span> <span class='ocrx_word' id='word_1_229' title='bbox 1077 2517 1189 2569; x_wconf 87' lang='lat' dir='ltr'>Lego</span> <span class='ocrx_word' id='word_1_230' title='bbox 1204 2518 1451 2569; x_wconf 70' lang='grc' dir='ltr'>ἑπιὸλήματος.</span> <span class='ocrx_word' id='word_1_231' title='bbox 1466 2516 1584 2557; x_wconf 81' lang='lat' dir='ltr'><strong>conf.</strong></span> <span class='ocrx_word' id='word_1_232' title='bbox 1601 2532 1619 2556; x_wconf 71' lang='grc' dir='ltr'><strong>Ξ</strong></span> <span class='ocrx_word' id='word_1_233' title='bbox 1629 2547 1644 2569; x_wconf 87' lang='grc'>,</span> <span class='ocrx_word' id='word_1_234' title='bbox 1663 2517 1686 2558; x_wconf 83' lang='grc'>5</span> <span class='ocrx_word' id='word_1_235' title='bbox 1694 2545 1705 2570; x_wconf 82' lang='lat'>‚</span> <span class='ocrx_word' id='word_1_236' title='bbox 1717 2512 1906 2572; x_wconf 77' lang='grc' dir='ltr'>Α’ρκάδων,</span> <span class='ocrx_word' id='word_1_237' title='bbox 1924 2522 1965 2556; x_wconf 82' lang='lat' dir='ltr'>et</span> <span class='ocrx_word' id='word_1_238' title='bbox 1977 2529 2046 2568; x_wconf 85' lang='lat'>111,</span> <span class='ocrx_word' id='word_1_239' title='bbox 2059 2515 2132 2569; x_wconf 82' lang='lat'>25,</span> <span class='ocrx_word' id='word_1_240' title='bbox 2150 2519 2306 2572; x_wconf 72' lang='grc' dir='ltr'>οἰκτρῶς,</span> 
     </span>
     <span class='ocr_line' id='line_1_30' title="bbox 1003 2579 1590 2634; baseline 0.002 -14"><span class='ocrx_word' id='word_1_241' title='bbox 1003 2583 1051 2631; x_wconf 74' lang='lat'>2)</span> <span class='ocrx_word' id='word_1_242' title='bbox 1078 2579 1177 2622; x_wconf 80' lang='lat' dir='ltr'>Cod.</span> <span class='ocrx_word' id='word_1_243' title='bbox 1213 2584 1421 2634; x_wconf 81' lang='grc' dir='ltr'>τεκνορέςης</span> <span class='ocrx_word' id='word_1_244' title='bbox 1456 2584 1590 2621; x_wconf 85' lang='grc' dir='ltr'>λυ.εων.</span> 
     </span>
    </p>

    <p class='ocr_par' dir='ltr' id='par_1_11' title="bbox 1002 2644 1563 2695">
     <span class='ocr_line' id='line_1_31' title="bbox 1002 2644 1563 2695; baseline 0.005 -12"><span class='ocrx_word' id='word_1_245' title='bbox 1002 2644 1048 2695; x_wconf 81' lang='lat'>3)</span> <span class='ocrx_word' id='word_1_246' title='bbox 1076 2646 1227 2686; x_wconf 83' lang='lat' dir='ltr'>Versus</span> <span class='ocrx_word' id='word_1_247' title='bbox 1242 2652 1301 2685; x_wconf 85' lang='lat' dir='ltr'>est</span> <span class='ocrx_word' id='word_1_248' title='bbox 1316 2645 1363 2686; x_wconf 87' lang='lat' dir='ltr'>in</span> <span class='ocrx_word' id='word_1_249' title='bbox 1377 2647 1483 2687; x_wconf 80' lang='lat' dir='ltr'><strong>Cass.</strong></span> <span class='ocrx_word' id='word_1_250' title='bbox 1499 2645 1563 2686; x_wconf 84' lang='lat'>38.</span> 
     </span>
    </p>

    <p class='ocr_par' dir='ltr' id='par_1_12' title="bbox 1001 2708 1330 2759">
     <span class='ocr_line' id='line_1_32' title="bbox 1001 2708 1330 2759; baseline 0.003 -10"><span class='ocrx_word' id='word_1_251' title='bbox 1001 2711 1047 2759; x_wconf 75' lang='grc'>4)</span> <span class='ocrx_word' id='word_1_252' title='bbox 1074 2708 1172 2749; x_wconf 82' lang='lat' dir='ltr'><strong>Cod.</strong></span> <span class='ocrx_word' id='word_1_253' title='bbox 1189 2709 1330 2750; x_wconf 74' lang='grc' dir='ltr'>ἕπολον.</span> 
     </span>
    </p>

    <p class='ocr_par' dir='ltr' id='par_1_13' title="bbox 1000 2773 1332 2823">
     <span class='ocr_line' id='line_1_33' title="bbox 1000 2773 1332 2823; baseline -0.003 -9"><span class='ocrx_word' id='word_1_254' title='bbox 1000 2773 1046 2823; x_wconf 82' lang='grc'>5)</span> <span class='ocrx_word' id='word_1_255' title='bbox 1073 2773 1173 2814; x_wconf 80' lang='lat' dir='ltr'><strong>cod.</strong></span> <span class='ocrx_word' id='word_1_256' title='bbox 1191 2777 1332 2818; x_wconf 79' lang='grc' dir='ltr'>ἐπολην.</span> 
     </span>
    </p>

    <p class='ocr_par' dir='ltr' id='par_1_14' title="bbox 999 2836 1401 2893">
     <span class='ocr_line' id='line_1_34' title="bbox 999 2836 1401 2893; baseline -0.002 -15"><span class='ocrx_word' id='word_1_257' title='bbox 999 2838 1047 2888; x_wconf 89' lang='grc'>6)</span> <span class='ocrx_word' id='word_1_258' title='bbox 1073 2836 1171 2880; x_wconf 82' lang='lat' dir='ltr'><strong>Ood.</strong></span> <span class='ocrx_word' id='word_1_259' title='bbox 1196 2838 1401 2893; x_wconf 76' lang='grc' dir='ltr'>ὀξύδρομον.</span> 
     </span>
    </p>
   </div>
   <div class='ocr_carea' id='block_1_11' title="bbox 2680 1180 2748 3834">
    <p class='ocr_par' dir='ltr' id='par_1_15' title="bbox 2680 1180 2748 3834">
     <span class='ocr_line' id='line_1_35' title="bbox 2680 1180 2748 3834; baseline 0 0"><span class='ocrx_word' id='word_1_260' title='bbox 2680 1180 2748 3834; x_wconf 95' lang='lat' dir='ltr'> </span> 
     </span>
    </p>
   </div>
  </div>
 </body>
</html>
