<?xml version="1.0" encoding="UTF-8"?>
<!DOCTYPE html PUBLIC "-//W3C//DTD XHTML 1.0 Transitional//EN"
    "http://www.w3.org/TR/xhtml1/DTD/xhtml1-transitional.dtd">
<html xmlns="http://www.w3.org/1999/xhtml" xml:lang="en" lang="en">
 <head>
  <title>
</title>
<meta http-equiv="Content-Type" content="text/html;charset=utf-8" />
  <meta name='ocr-system' content='tesseract 3.04.00' />
  <meta name='ocr-capabilities' content='ocr_page ocr_carea ocr_par ocr_line ocrx_word'/>
</head>
<body>
  <div class='ocr_page' id='page_1' title='image "./demagistratibusr00lyduuoft_0255.png"; bbox 0 0 2748 3834; ppageno 0'>
   <div class='ocr_carea' id='block_1_1' title="bbox 586 521 1746 573">
    <p class='ocr_par' dir='ltr' id='par_1_1' title="bbox 586 521 1746 573">
     <span class='ocr_line' id='line_1_1' title="bbox 586 521 1746 573; baseline -0.003 -5"><span class='ocrx_word' id='word_1_1' title='bbox 586 533 963 569; x_wconf 67' lang='lat' dir='ltr'><strong>ntrrunmcu</strong></span> <span class='ocrx_word' id='word_1_2' title='bbox 1001 532 1279 566; x_wconf 65' lang='lat' dir='ltr'><strong>noun-u:</strong></span> <span class='ocrx_word' id='word_1_3' title='bbox 1311 532 1417 567; x_wconf 73' lang='lat' dir='ltr'><strong>mn.</strong></span> <span class='ocrx_word' id='word_1_4' title='bbox 1453 534 1540 568; x_wconf 81' lang='lat'>111.</span> <span class='ocrx_word' id='word_1_5' title='bbox 1651 521 1746 573; x_wconf 83' lang='lat'><strong>153</strong></span> 
     </span>
    </p>
   </div>
   <div class='ocr_carea' id='block_1_2' title="bbox 336 606 1821 2326">
    <p class='ocr_par' dir='ltr' id='par_1_2' title="bbox 380 606 1751 993">
     <span class='ocr_line' id='line_1_2' title="bbox 380 606 1750 678; baseline -0.005 -17"><span class='ocrx_word' id='word_1_6' title='bbox 380 612 519 661; x_wconf 88' lang='lat' dir='ltr'><strong>enim</strong></span> <span class='ocrx_word' id='word_1_7' title='bbox 539 628 566 660; x_wconf 89' lang='lat' dir='ltr'>a</span> <span class='ocrx_word' id='word_1_8' title='bbox 586 613 784 678; x_wconf 85' lang='lat' dir='ltr'><strong>privato</strong></span> <span class='ocrx_word' id='word_1_9' title='bbox 817 606 1093 666; x_wconf 83' lang='lat' dir='ltr'><strong>differunt,</strong></span> <span class='ocrx_word' id='word_1_10' title='bbox 1127 608 1220 673; x_wconf 88' lang='lat' dir='ltr'><strong>qui</strong></span> <span class='ocrx_word' id='word_1_11' title='bbox 1242 607 1349 656; x_wconf 83' lang='lat' dir='ltr'><strong>solo</strong></span> <span class='ocrx_word' id='word_1_12' title='bbox 1374 611 1587 661; x_wconf 69' lang='lat' dir='ltr'><strong>nomine</strong></span> <span class='ocrx_word' id='word_1_13' title='bbox 1602 612 1750 661; x_wconf 6' lang='lat' dir='ltr'><strong>*emili-</strong></span> 
     </span>
     <span class='ocr_line' id='line_1_3' title="bbox 381 687 1750 758; baseline -0.004 -19"><span class='ocrx_word' id='word_1_14' title='bbox 381 692 502 739; x_wconf 87' lang='lat' dir='ltr'><strong>tiam</strong></span> <span class='ocrx_word' id='word_1_15' title='bbox 521 690 946 758; x_wconf 58' lang='lat' dir='ltr'><strong>‘qualemcunque</strong></span> <span class='ocrx_word' id='word_1_16' title='bbox 978 687 1198 749; x_wconf 62' lang='lat' dir='ltr'><strong>ineunt-z</strong></span> <span class='ocrx_word' id='word_1_17' title='bbox 1223 703 1328 735; x_wconf 87' lang='lat' dir='ltr'><strong>non</strong></span> <span class='ocrx_word' id='word_1_18' title='bbox 1351 687 1750 754; x_wconf 65' lang='lat' dir='ltr'><strong>quodnomx&#39;ne.</strong></span> 
     </span>
     <span class='ocr_line' id='line_1_4' title="bbox 380 765 1751 838; baseline -0.001 -20"><span class='ocrx_word' id='word_1_19' title='bbox 380 769 478 819; x_wconf 90' lang='lat' dir='ltr'><strong>lior</strong></span> <span class='ocrx_word' id='word_1_20' title='bbox 519 770 671 820; x_wconf 85' lang='lat' dir='ltr'><strong>rebus</strong></span> <span class='ocrx_word' id='word_1_21' title='bbox 726 768 1044 836; x_wconf 83' lang='lat' dir='ltr'><strong>imperatoris</strong></span> <span class='ocrx_word' id='word_1_22' title='bbox 1090 765 1290 815; x_wconf 82' lang='lat' dir='ltr'>solertia</span> <span class='ocrx_word' id='word_1_23' title='bbox 1324 766 1751 838; x_wconf 70' lang='lat' dir='ltr'><strong>fructuosiuqu</strong></span> 
     </span>
     <span class='ocr_line' id='line_1_5' title="bbox 380 845 1749 913; baseline -0.001 -15"><span class='ocrx_word' id='word_1_24' title='bbox 380 858 538 898; x_wconf 87' lang='lat' dir='ltr'><strong>status</strong></span> <span class='ocrx_word' id='word_1_25' title='bbox 579 848 794 913; x_wconf 85' lang='lat' dir='ltr'><strong>contigit</strong></span> <span class='ocrx_word' id='word_1_26' title='bbox 817 884 830 907; x_wconf 90' lang='lat'>,</span> <span class='ocrx_word' id='word_1_27' title='bbox 890 845 976 894; x_wconf 87' lang='lat' dir='ltr'><strong>sed</strong></span> <span class='ocrx_word' id='word_1_28' title='bbox 1016 846 1262 911; x_wconf 87' lang='lat' dir='ltr'><strong>quoniam</strong></span> <span class='ocrx_word' id='word_1_29' title='bbox 1300 845 1397 912; x_wconf 88' lang='lat' dir='ltr'><strong>ipsi</strong></span> <span class='ocrx_word' id='word_1_30' title='bbox 1436 846 1500 895; x_wconf 85' lang='lat' dir='ltr'><strong>ad</strong></span> <span class='ocrx_word' id='word_1_31' title='bbox 1535 862 1749 900; x_wconf 78' lang='lat' dir='ltr'><strong>munera</strong></span> 
     </span>
     <span class='ocr_line' id='line_1_6' title="bbox 382 924 830 993; baseline -0.007 -19"><span class='ocrx_word' id='word_1_32' title='bbox 382 927 544 993; x_wconf 83' lang='lat' dir='ltr'>inepti</span> <span class='ocrx_word' id='word_1_33' title='bbox 568 924 830 975; x_wconf 86' lang='lat' dir='ltr'><strong>accedunt.</strong></span> 
     </span>
    </p>

    <p class='ocr_par' dir='ltr' id='par_1_3' title="bbox 336 1002 1821 2326">
     <span class='ocr_line' id='line_1_7' title="bbox 448 1002 1752 1069; baseline -0.002 -17"><span class='ocrx_word' id='word_1_34' title='bbox 448 1004 494 1052; x_wconf 87' lang='lat'><strong>3.</strong></span> <span class='ocrx_word' id='word_1_35' title='bbox 532 1007 602 1052; x_wconf 92' lang='lat' dir='ltr'><strong>Ac</strong></span> <span class='ocrx_word' id='word_1_36' title='bbox 631 1003 977 1052; x_wconf 89' lang='lat' dir='ltr'><strong>communiter</strong></span> <span class='ocrx_word' id='word_1_37' title='bbox 1011 1002 1220 1069; x_wconf 89' lang='lat' dir='ltr'><strong>quidem</strong></span> <span class='ocrx_word' id='word_1_38' title='bbox 1254 1004 1308 1051; x_wconf 89' lang='lat' dir='ltr'><strong>in</strong></span> <span class='ocrx_word' id='word_1_39' title='bbox 1349 1003 1592 1053; x_wconf 79' lang='lat' dir='ltr'><strong>omnibus</strong></span> <span class='ocrx_word' id='word_1_40' title='bbox 1624 1011 1752 1055; x_wconf 65' lang='lat' dir='ltr'><strong>eata-</strong></span> 
     </span>
     <span class='ocr_line' id='line_1_8' title="bbox 377 1080 1749 1148; baseline 0.003 -19"><span class='ocrx_word' id='word_1_41' title='bbox 377 1080 506 1147; x_wconf 86' lang='lat' dir='ltr'><strong>logis</strong></span> <span class='ocrx_word' id='word_1_42' title='bbox 539 1098 601 1130; x_wconf 79' lang='lat' dir='ltr'><strong>ex</strong></span> <span class='ocrx_word' id='word_1_43' title='bbox 639 1081 957 1148; x_wconf 88' lang='lat' dir='ltr'><strong>imperatoris</strong></span> <span class='ocrx_word' id='word_1_44' title='bbox 990 1080 1361 1147; x_wconf 85' lang='lat' dir='ltr'><strong>subscriptione</strong></span> <span class='ocrx_word' id='word_1_45' title='bbox 1399 1081 1670 1148; x_wconf 79' lang='lat' dir='ltr'><strong>adjutores&#39;</strong></span> <span class='ocrx_word' id='word_1_46' title='bbox 1694 1085 1749 1133; x_wconf 89' lang='lat' dir='ltr'><strong>in</strong></span> 
     </span>
     <span class='ocr_line' id='line_1_9' title="bbox 379 1157 1752 1227; baseline 0.002 -20"><span class='ocrx_word' id='word_1_47' title='bbox 379 1157 548 1207; x_wconf 83' lang='lat' dir='ltr'><strong>fronte</strong></span> <span class='ocrx_word' id='word_1_48' title='bbox 570 1160 694 1208; x_wconf 88' lang='lat' dir='ltr'><strong>aciei</strong></span> <span class='ocrx_word' id='word_1_49' title='bbox 718 1159 841 1208; x_wconf 87' lang='lat' dir='ltr'><strong>olim</strong></span> <span class='ocrx_word' id='word_1_50' title='bbox 873 1158 1263 1227; x_wconf 76' lang='lat' dir='ltr'><strong>collocabantur.</strong></span> <span class='ocrx_word' id='word_1_51' title='bbox 1287 1161 1370 1209; x_wconf 86' lang='lat' dir='ltr'><strong>Ait</strong></span> <span class='ocrx_word' id='word_1_52' title='bbox 1397 1162 1536 1209; x_wconf 85' lang='lat' dir='ltr'><strong>enim</strong></span> <span class='ocrx_word' id='word_1_53' title='bbox 1556 1163 1627 1210; x_wconf 82' lang='lat' dir='ltr'><strong>sic</strong></span> <span class='ocrx_word' id='word_1_54' title='bbox 1663 1181 1674 1209; x_wconf 72' lang='grc' dir='ltr'>ε</span> <span class='ocrx_word' id='word_1_55' title='bbox 1701 1168 1752 1211; x_wconf 81' lang='lat' dir='ltr'><strong>et</strong></span> 
     </span>
     <span class='ocr_line' id='line_1_10' title="bbox 379 1236 1757 1304; baseline 0.003 -18"><span class='ocrx_word' id='word_1_56' title='bbox 379 1236 567 1286; x_wconf 83' lang='lat' dir='ltr'><strong>colloca</strong></span> <span class='ocrx_word' id='word_1_57' title='bbox 592 1255 710 1286; x_wconf 88' lang='lat' dir='ltr'><strong>eum</strong></span> <span class='ocrx_word' id='word_1_58' title='bbox 741 1238 796 1286; x_wconf 89' lang='lat' dir='ltr'><strong>in</strong></span> <span class='ocrx_word' id='word_1_59' title='bbox 828 1237 1024 1304; x_wconf 86' lang='lat' dir='ltr'><strong>legione</strong></span> <span class='ocrx_word' id='word_1_60' title='bbox 1051 1240 1212 1304; x_wconf 84' lang='lat' dir='ltr'><strong>prima</strong></span> <span class='ocrx_word' id='word_1_61' title='bbox 1234 1275 1247 1299; x_wconf 93' lang='lat'>,</span> <span class='ocrx_word' id='word_1_62' title='bbox 1290 1238 1536 1303; x_wconf 80' lang='lat' dir='ltr'><strong>adjutrice</strong></span> <span class='ocrx_word' id='word_1_63' title='bbox 1564 1247 1757 1303; x_wconf 51' lang='lat' dir='ltr'><strong>nontraq</strong></span> 
     </span>
     <span class='ocr_line' id='line_1_11' title="bbox 379 1315 1752 1384; baseline 0.002 -20"><span class='ocrx_word' id='word_1_64' title='bbox 379 1317 528 1365; x_wconf 89' lang='lat' dir='ltr'><strong>Unde</strong></span> <span class='ocrx_word' id='word_1_65' title='bbox 553 1318 710 1366; x_wconf 85' lang='lat' dir='ltr'><strong>totius</strong></span> <span class='ocrx_word' id='word_1_66' title='bbox 728 1315 938 1382; x_wconf 85' lang='lat' dir='ltr'><strong>catalogi</strong></span> <span class='ocrx_word' id='word_1_67' title='bbox 956 1318 1194 1384; x_wconf 86' lang='lat' dir='ltr'><strong>princeps</strong></span> <span class='ocrx_word' id='word_1_68' title='bbox 1213 1318 1492 1366; x_wconf 82' lang='lat' dir='ltr'><strong>etiamnum</strong></span> <span class='ocrx_word' id='word_1_69' title='bbox 1525 1321 1752 1367; x_wconf 88' lang='lat' dir='ltr'><strong>cornicu-</strong></span> 
     </span>
     <span class='ocr_line' id='line_1_12' title="bbox 336 1394 1757 1463; baseline 0.002 -21"><span class='ocrx_word' id='word_1_70' title='bbox 336 1408 338 1410; x_wconf 77' lang='grc'>’</span> <span class='ocrx_word' id='word_1_71' title='bbox 381 1394 564 1456; x_wconf 88' lang='lat' dir='ltr'><strong>larius,</strong></span> <span class='ocrx_word' id='word_1_72' title='bbox 599 1395 651 1444; x_wconf 91' lang='lat' dir='ltr'><strong>id</strong></span> <span class='ocrx_word' id='word_1_73' title='bbox 675 1405 749 1444; x_wconf 80' lang='lat' dir='ltr'><strong>est</strong></span> <span class='ocrx_word' id='word_1_74' title='bbox 767 1432 780 1456; x_wconf 90' lang='lat'>,</span> <span class='ocrx_word' id='word_1_75' title='bbox 817 1406 1092 1456; x_wconf 89' lang='lat' dir='ltr'><strong>cornutus,</strong></span> <span class='ocrx_word' id='word_1_76' title='bbox 1117 1397 1222 1445; x_wconf 88' lang='lat' dir='ltr'><strong>sive</strong></span> <span class='ocrx_word' id='word_1_77' title='bbox 1248 1397 1306 1444; x_wconf 68' lang='lat' dir='ltr'><strong>in&#39;</strong></span> <span class='ocrx_word' id='word_1_78' title='bbox 1327 1397 1490 1463; x_wconf 85' lang='lat' dir='ltr'><strong>prima</strong></span> <span class='ocrx_word' id='word_1_79' title='bbox 1521 1396 1625 1445; x_wconf 86' lang='lat' dir='ltr'><strong>acie</strong></span> <span class='ocrx_word' id='word_1_80' title='bbox 1655 1406 1757 1463; x_wconf 76' lang='lat' dir='ltr'><strong>pu-v</strong></span> 
     </span>
     <span class='ocr_line' id='line_1_13' title="bbox 380 1474 1755 1542; baseline 0.002 -21"><span class='ocrx_word' id='word_1_81' title='bbox 380 1490 569 1539; x_wconf 86' lang='lat' dir='ltr'><strong>gnans,</strong></span> <span class='ocrx_word' id='word_1_82' title='bbox 610 1474 908 1541; x_wconf 86' lang='lat' dir='ltr'><strong>adpellatur.</strong></span> <span class='ocrx_word' id='word_1_83' title='bbox 947 1474 1143 1523; x_wconf 89' lang='lat' dir='ltr'><strong>Medius</strong></span> <span class='ocrx_word' id='word_1_84' title='bbox 1175 1476 1371 1542; x_wconf 84' lang='lat' dir='ltr'><strong>quippe</strong></span> <span class='ocrx_word' id='word_1_85' title='bbox 1402 1476 1650 1523; x_wconf 87' lang='lat' dir='ltr'><strong>exercitus</strong></span> <span class='ocrx_word' id='word_1_86' title='bbox 1693 1475 1755 1524; x_wconf 38' lang='lat' dir='ltr'><strong>in*</strong></span> 
     </span>
     <span class='ocr_line' id='line_1_14' title="bbox 381 1552 1751 1624; baseline 0.004 -26"><span class='ocrx_word' id='word_1_87' title='bbox 381 1552 624 1601; x_wconf 86' lang='lat' dir='ltr'><strong>conflictu</strong></span> <span class='ocrx_word' id='word_1_88' title='bbox 662 1563 796 1615; x_wconf 87' lang='lat' dir='ltr'><strong>erat,</strong></span> <span class='ocrx_word' id='word_1_89' title='bbox 844 1556 936 1621; x_wconf 92' lang='lat' dir='ltr'><strong>qui</strong></span> <span class='ocrx_word' id='word_1_90' title='bbox 974 1572 1228 1604; x_wconf 80' lang='lat' dir='ltr'><strong>summam</strong></span> <span class='ocrx_word' id='word_1_91' title='bbox 1272 1556 1487 1624; x_wconf 62' lang='lat' dir='ltr'><strong>imperii⁴</strong></span> <span class='ocrx_word' id='word_1_92' title='bbox 1513 1553 1751 1614; x_wconf 71' lang='lat' dir='ltr'><strong>tenebat»,</strong></span> 
     </span>
     <span class='ocr_line' id='line_1_15' title="bbox 379 1630 1754 1701; baseline 0.002 -22"><span class='ocrx_word' id='word_1_93' title='bbox 379 1630 643 1696; x_wconf 85' lang='lat' dir='ltr'><strong>praefectus</strong></span> <span class='ocrx_word' id='word_1_94' title='bbox 662 1635 899 1700; x_wconf 83' lang='lat' dir='ltr'><strong>praetorio</strong></span> <span class='ocrx_word' id='word_1_95' title='bbox 914 1635 1103 1694; x_wconf 79' lang='lat' dir='ltr'><strong>scilicet</strong></span> <span class='ocrx_word' id='word_1_96' title='bbox 1118 1672 1132 1695; x_wconf 89' lang='lat'>,</span> <span class='ocrx_word' id='word_1_97' title='bbox 1146 1635 1226 1683; x_wconf 79' lang='lat' dir='ltr'><strong>vel</strong></span> <span class='ocrx_word' id='word_1_98' title='bbox 1244 1638 1414 1683; x_wconf 78' lang='lat' dir='ltr'><strong>Caesar.</strong></span> <span class='ocrx_word' id='word_1_99' title='bbox 1433 1635 1754 1701; x_wconf 70' lang='lat' dir='ltr'><strong>Imperatoris</strong></span> 
     </span>
     <span class='ocr_line' id='line_1_16' title="bbox 380 1707 1793 1775; baseline 0.004 -17"><span class='ocrx_word' id='word_1_100' title='bbox 380 1713 558 1759; x_wconf 77' lang='lat' dir='ltr'><strong>autem‘</strong></span> <span class='ocrx_word' id='word_1_101' title='bbox 586 1715 775 1761; x_wconf 81' lang='lat' dir='ltr'><strong>nornen</strong></span> <span class='ocrx_word' id='word_1_102' title='bbox 794 1750 807 1774; x_wconf 92' lang='lat'>,</span> <span class='ocrx_word' id='word_1_103' title='bbox 839 1723 898 1761; x_wconf 92' lang='lat' dir='ltr'><strong>ut</strong></span> <span class='ocrx_word' id='word_1_104' title='bbox 937 1714 1191 1775; x_wconf 84' lang='lat' dir='ltr'><strong>diximus,</strong></span> <span class='ocrx_word' id='word_1_105' title='bbox 1228 1730 1502 1763; x_wconf 89' lang='lat' dir='ltr'><strong>commune</strong></span> <span class='ocrx_word' id='word_1_106' title='bbox 1528 1715 1589 1761; x_wconf 82' lang='lat' dir='ltr'><strong>iis</strong></span> <span class='ocrx_word' id='word_1_107' title='bbox 1615 1723 1750 1763; x_wconf 76' lang='lat' dir='ltr'><strong>erat:</strong></span> <span class='ocrx_word' id='word_1_108' title='bbox 1777 1707 1793 1754; x_wconf 63' lang='grc'><strong>’-</strong></span> 
     </span>
     <span class='ocr_line' id='line_1_17' title="bbox 381 1779 1759 1856; baseline 0.002 -19"><span class='ocrx_word' id='word_1_109' title='bbox 381 1806 550 1856; x_wconf 89' lang='lat' dir='ltr'><strong>neque</strong></span> <span class='ocrx_word' id='word_1_110' title='bbox 589 1793 728 1840; x_wconf 90' lang='lat' dir='ltr'><strong>enim</strong></span> <span class='ocrx_word' id='word_1_111' title='bbox 765 1795 1012 1841; x_wconf 88' lang='lat' dir='ltr'><strong>Caesarum</strong></span> <span class='ocrx_word' id='word_1_112' title='bbox 1042 1787 1242 1842; x_wconf 84' lang='lat' dir='ltr'><strong>tantum</strong></span> <span class='ocrx_word' id='word_1_113' title='bbox 1275 1779 1378 1854; x_wconf 47' lang='lat' dir='ltr'><strong>est‚&#39;</strong></span> <span class='ocrx_word' id='word_1_114' title='bbox 1414 1793 1500 1841; x_wconf 87' lang='lat' dir='ltr'><strong>sed</strong></span> <span class='ocrx_word' id='word_1_115' title='bbox 1538 1793 1759 1841; x_wconf 84' lang='lat' dir='ltr'><strong>omnino·</strong></span> 
     </span>
     <span class='ocr_line' id='line_1_18' title="bbox 381 1861 1759 1936; baseline 0.001 -20"><span class='ocrx_word' id='word_1_116' title='bbox 381 1869 490 1933; x_wconf 88' lang='lat' dir='ltr'><strong>ejus</strong></span> <span class='ocrx_word' id='word_1_117' title='bbox 509 1905 522 1929; x_wconf 89' lang='lat'><strong><em>‚</em></strong></span> <span class='ocrx_word' id='word_1_118' title='bbox 562 1872 654 1936; x_wconf 92' lang='lat' dir='ltr'><strong>qui</strong></span> <span class='ocrx_word' id='word_1_119' title='bbox 680 1871 874 1919; x_wconf 87' lang='lat' dir='ltr'><strong>bellum</strong></span> <span class='ocrx_word' id='word_1_120' title='bbox 901 1889 995 1920; x_wconf 89' lang='lat' dir='ltr'><strong>suo</strong></span> <span class='ocrx_word' id='word_1_121' title='bbox 1020 1871 1268 1919; x_wconf 83' lang='lat' dir='ltr'><strong>arbitratu</strong></span> <span class='ocrx_word' id='word_1_122' title='bbox 1290 1861 1759 1919; x_wconf 74' lang='lat' dir='ltr'><strong>administrandum·</strong></span> 
     </span>
     <span class='ocr_line' id='line_1_19' title="bbox 380 1936 1757 2014; baseline 0.001 -19"><span class='ocrx_word' id='word_1_123' title='bbox 380 1947 589 1996; x_wconf 86' lang='lat' dir='ltr'><strong>sortitus</strong></span> <span class='ocrx_word' id='word_1_124' title='bbox 613 1958 700 1996; x_wconf 84' lang='lat' dir='ltr'><strong>est.</strong></span> <span class='ocrx_word' id='word_1_125' title='bbox 721 1951 789 1996; x_wconf 91' lang='lat' dir='ltr'><strong>Ac</strong></span> <span class='ocrx_word' id='word_1_126' title='bbox 812 1949 1011 1996; x_wconf 89' lang='lat' dir='ltr'><strong>medius</strong></span> <span class='ocrx_word' id='word_1_127' title='bbox 1030 1949 1262 2014; x_wconf 84' lang='lat' dir='ltr'><strong>quidem,</strong></span> <span class='ocrx_word' id='word_1_128' title='bbox 1289 1959 1349 1996; x_wconf 90' lang='lat' dir='ltr'><strong>ut</strong></span> <span class='ocrx_word' id='word_1_129' title='bbox 1370 1936 1594 1997; x_wconf 80' lang='lat' dir='ltr'><strong>diximus</strong></span> <span class='ocrx_word' id='word_1_130' title='bbox 1609 1956 1757 2013; x_wconf 66' lang='lat' dir='ltr'><strong>‚sem</strong></span> 
     </span>
     <span class='ocr_line' id='line_1_20' title="bbox 381 2026 1761 2091; baseline 0.003 -20"><span class='ocrx_word' id='word_1_131' title='bbox 381 2026 679 2090; x_wconf 85' lang='lat' dir='ltr'><strong>imperator,</strong></span> <span class='ocrx_word' id='word_1_132' title='bbox 721 2027 1158 2091; x_wconf 78' lang='lat' dir='ltr'><strong>quemadmodum</strong></span> <span class='ocrx_word' id='word_1_133' title='bbox 1183 2029 1468 2090; x_wconf 60' lang='lat' dir='ltr'><strong>‘Frontinus</strong></span> <span class='ocrx_word' id='word_1_134' title='bbox 1501 2030 1604 2086; x_wconf 81' lang='lat' dir='ltr'><strong>ait3</strong></span> <span class='ocrx_word' id='word_1_135' title='bbox 1636 2029 1761 2076; x_wconf 44' lang='lat' dir='ltr'><strong>asif-</strong></span> 
     </span>
     <span class='ocr_line' id='line_1_21' title="bbox 378 2104 1757 2172; baseline 0.002 -21"><span class='ocrx_word' id='word_1_136' title='bbox 378 2104 541 2154; x_wconf 87' lang='lat' dir='ltr'><strong>nistro</strong></span> <span class='ocrx_word' id='word_1_137' title='bbox 570 2115 741 2153; x_wconf 87' lang='lat' dir='ltr'><strong>autem</strong></span> <span class='ocrx_word' id='word_1_138' title='bbox 767 2104 1179 2171; x_wconf 85' lang='lat' dir='ltr'><strong>latere-magister</strong></span> <span class='ocrx_word' id='word_1_139' title='bbox 1202 2106 1436 2172; x_wconf 82' lang='lat' dir='ltr'><strong>equitum</strong></span> <span class='ocrx_word' id='word_1_140' title='bbox 1455 2141 1468 2165; x_wconf 89' lang='lat'><strong><em>‚</em></strong></span> <span class='ocrx_word' id='word_1_141' title='bbox 1501 2107 1604 2154; x_wconf 63' lang='lat' dir='ltr'><strong>siVe</strong></span> <span class='ocrx_word' id='word_1_142' title='bbox 1636 2106 1757 2171; x_wconf 63' lang='lat' dir='ltr'><strong>p‘raess</strong></span> 
     </span>
     <span class='ocr_line' id='line_1_22' title="bbox 380 2181 1821 2250; baseline 0.001 -19"><span class='ocrx_word' id='word_1_143' title='bbox 380 2181 542 2232; x_wconf 80' lang='lat' dir='ltr'><strong>fectus</strong></span> <span class='ocrx_word' id='word_1_144' title='bbox 563 2184 798 2250; x_wconf 85' lang='lat' dir='ltr'><strong>praetorio</strong></span> <span class='ocrx_word' id='word_1_145' title='bbox 817 2221 830 2244; x_wconf 87' lang='lat'>‚</span> <span class='ocrx_word' id='word_1_146' title='bbox 862 2194 911 2232; x_wconf 87' lang='lat' dir='ltr'><strong>et</strong></span> <span class='ocrx_word' id='word_1_147' title='bbox 933 2183 997 2232; x_wconf 84' lang='lat' dir='ltr'><strong>ab</strong></span> <span class='ocrx_word' id='word_1_148' title='bbox 1025 2183 1182 2232; x_wconf 87' lang='lat' dir='ltr'><strong>altero</strong></span> <span class='ocrx_word' id='word_1_149' title='bbox 1200 2194 1436 2249; x_wconf 86' lang='lat' dir='ltr'><strong>praetores</strong></span> <span class='ocrx_word' id='word_1_150' title='bbox 1454 2220 1466 2243; x_wconf 86' lang='lat'>,</span> <span class='ocrx_word' id='word_1_151' title='bbox 1493 2194 1583 2232; x_wconf 85' lang='lat' dir='ltr'><strong>aut</strong></span> <span class='ocrx_word' id='word_1_152' title='bbox 1606 2183 1758 2249; x_wconf 85' lang='lat' dir='ltr'><strong>legati</strong></span> <span class='ocrx_word' id='word_1_153' title='bbox 1816 2240 1821 2245; x_wconf 20' lang='grc' dir='ltr'>ἱ</span> 
     </span>
     <span class='ocr_line' id='line_1_23' title="bbox 382 2258 1755 2326; baseline 0.001 -19"><span class='ocrx_word' id='word_1_154' title='bbox 382 2258 472 2324; x_wconf 88' lang='lat' dir='ltr'><strong>(id</strong></span> <span class='ocrx_word' id='word_1_155' title='bbox 492 2269 598 2319; x_wconf 87' lang='lat' dir='ltr'><strong>est,</strong></span> <span class='ocrx_word' id='word_1_156' title='bbox 631 2260 784 2308; x_wconf 89' lang='lat' dir='ltr'><strong>duces</strong></span> <span class='ocrx_word' id='word_1_157' title='bbox 803 2270 853 2308; x_wconf 89' lang='lat' dir='ltr'><strong>et</strong></span> <span class='ocrx_word' id='word_1_158' title='bbox 874 2260 1086 2326; x_wconf 86' lang='lat' dir='ltr'><strong>legati),</strong></span> <span class='ocrx_word' id='word_1_159' title='bbox 1122 2277 1251 2325; x_wconf 92' lang='lat' dir='ltr'><strong>quos</strong></span> <span class='ocrx_word' id='word_1_160' title='bbox 1284 2276 1380 2325; x_wconf 87' lang='lat' dir='ltr'><strong>pro</strong></span> <span class='ocrx_word' id='word_1_161' title='bbox 1410 2277 1461 2308; x_wconf 92' lang='lat' dir='ltr'><strong>se</strong></span> <span class='ocrx_word' id='word_1_162' title='bbox 1489 2261 1722 2310; x_wconf 85' lang='lat' dir='ltr'><strong>consules</strong></span> <span class='ocrx_word' id='word_1_163' title='bbox 1739 2299 1755 2321; x_wconf 93' lang='lat'>,</span> 
     </span>
    </p>
   </div>
   <div class='ocr_carea' id='block_1_3' title="bbox 304 2336 1756 2403">
    <p class='ocr_par' dir='ltr' id='par_1_4' title="bbox 304 2336 1756 2403">
     <span class='ocr_line' id='line_1_24' title="bbox 304 2336 1756 2403; baseline 0.001 -19"><span class='ocrx_word' id='word_1_164' title='bbox 304 2341 308 2344; x_wconf 79' lang='grc'><strong>’</strong></span> <span class='ocrx_word' id='word_1_165' title='bbox 378 2336 482 2402; x_wconf 86' lang='lat' dir='ltr'><strong>jam</strong></span> <span class='ocrx_word' id='word_1_166' title='bbox 524 2347 740 2386; x_wconf 86' lang='lat' dir='ltr'><strong>exeunte</strong></span> <span class='ocrx_word' id='word_1_167' title='bbox 773 2338 1067 2386; x_wconf 79' lang='lat' dir='ltr'><strong>consulatus</strong></span> <span class='ocrx_word' id='word_1_168' title='bbox 1098 2354 1276 2386; x_wconf 91' lang='lat' dir='ltr'><strong>eorum</strong></span> <span class='ocrx_word' id='word_1_169' title='bbox 1315 2347 1572 2403; x_wconf 88' lang='lat' dir='ltr'><strong>tempore,</strong></span> <span class='ocrx_word' id='word_1_170' title='bbox 1605 2337 1756 2386; x_wconf 87' lang='lat' dir='ltr'><strong>relin-</strong></span> 
     </span>
    </p>
   </div>
   <div class='ocr_carea' id='block_1_4' title="bbox 379 2414 1755 2720">
    <p class='ocr_par' dir='ltr' id='par_1_5' title="bbox 379 2414 1755 2720">
     <span class='ocr_line' id='line_1_25' title="bbox 381 2414 1753 2482; baseline 0.002 -20"><span class='ocrx_word' id='word_1_171' title='bbox 381 2414 633 2481; x_wconf 83' lang='lat' dir='ltr'><strong>quebant,</strong></span> <span class='ocrx_word' id='word_1_172' title='bbox 670 2416 795 2482; x_wconf 88' lang='lat' dir='ltr'><strong>qui,</strong></span> <span class='ocrx_word' id='word_1_173' title='bbox 831 2416 994 2465; x_wconf 87' lang='lat' dir='ltr'><strong>donec</strong></span> <span class='ocrx_word' id='word_1_174' title='bbox 1026 2415 1234 2465; x_wconf 89' lang='lat' dir='ltr'><strong>futurus</strong></span> <span class='ocrx_word' id='word_1_175' title='bbox 1268 2415 1448 2464; x_wconf 90' lang='lat' dir='ltr'><strong>consul</strong></span> <span class='ocrx_word' id='word_1_176' title='bbox 1472 2415 1534 2463; x_wconf 88' lang='lat' dir='ltr'><strong>ad</strong></span> <span class='ocrx_word' id='word_1_177' title='bbox 1558 2415 1753 2465; x_wconf 83' lang='lat' dir='ltr'><strong>bellum</strong></span> 
     </span>
     <span class='ocr_line' id='line_1_26' title="bbox 379 2484 1755 2562; baseline 0.001 -20"><span class='ocrx_word' id='word_1_178' title='bbox 379 2493 570 2543; x_wconf 86' lang='lat' dir='ltr'><strong>adesset</strong></span> <span class='ocrx_word' id='word_1_179' title='bbox 593 2530 607 2555; x_wconf 88' lang='lat'><strong><em>‚</em></strong></span> <span class='ocrx_word' id='word_1_180' title='bbox 653 2497 897 2543; x_wconf 69' lang='lat' dir='ltr'><strong>exercitui</strong></span> <span class='ocrx_word' id='word_1_181' title='bbox 937 2506 1220 2562; x_wconf 72' lang='lat' dir='ltr'><strong>praeessent.</strong></span> <span class='ocrx_word' id='word_1_182' title='bbox 1261 2496 1414 2561; x_wconf 84' lang='lat' dir='ltr'><strong>Legio</strong></span> <span class='ocrx_word' id='word_1_183' title='bbox 1453 2505 1624 2542; x_wconf 85' lang='lat' dir='ltr'><strong>autem</strong></span> <span class='ocrx_word' id='word_1_184' title='bbox 1662 2501 1681 2556; x_wconf 95' lang='lat'>(</span> <span class='ocrx_word' id='word_1_185' title='bbox 1694 2484 1755 2544; x_wconf 71' lang='lat' dir='ltr'><strong>ut</strong></span> 
     </span>
     <span class='ocr_line' id='line_1_27' title="bbox 381 2574 1751 2642; baseline 0.001 -20"><span class='ocrx_word' id='word_1_186' title='bbox 381 2578 596 2634; x_wconf 82' lang='lat' dir='ltr'><strong>vocant)</strong></span> <span class='ocrx_word' id='word_1_187' title='bbox 635 2591 754 2622; x_wconf 87' lang='lat' dir='ltr'><strong>cum</strong></span> <span class='ocrx_word' id='word_1_188' title='bbox 785 2591 870 2623; x_wconf 83' lang='lat' dir='ltr'><strong>sex</strong></span> <span class='ocrx_word' id='word_1_189' title='bbox 905 2574 1064 2623; x_wconf 85' lang='lat' dir='ltr'><strong>millia</strong></span> <span class='ocrx_word' id='word_1_190' title='bbox 1097 2575 1332 2642; x_wconf 86' lang='lat' dir='ltr'><strong>peditum</strong></span> <span class='ocrx_word' id='word_1_191' title='bbox 1370 2591 1589 2622; x_wconf 88' lang='lat' dir='ltr'><strong>numero</strong></span> <span class='ocrx_word' id='word_1_192' title='bbox 1617 2591 1751 2624; x_wconf 90' lang='lat' dir='ltr'><strong>com-</strong></span> 
     </span>
     <span class='ocr_line' id='line_1_28' title="bbox 382 2651 1750 2720; baseline 0.001 -20"><span class='ocrx_word' id='word_1_193' title='bbox 382 2651 687 2718; x_wconf 87' lang='lat' dir='ltr'><strong>plecteretur</strong></span> <span class='ocrx_word' id='word_1_194' title='bbox 722 2653 901 2720; x_wconf 87' lang='lat' dir='ltr'><strong>(erant</strong></span> <span class='ocrx_word' id='word_1_195' title='bbox 932 2665 1103 2703; x_wconf 85' lang='lat' dir='ltr'><strong>autem</strong></span> <span class='ocrx_word' id='word_1_196' title='bbox 1139 2655 1288 2703; x_wconf 90' lang='lat' dir='ltr'><strong>initio</strong></span> <span class='ocrx_word' id='word_1_197' title='bbox 1322 2653 1494 2702; x_wconf 89' lang='lat' dir='ltr'><strong>decem</strong></span> <span class='ocrx_word' id='word_1_198' title='bbox 1534 2655 1750 2701; x_wconf 91' lang='lat' dir='ltr'><strong>omnino</strong></span> 
     </span>
    </p>
   </div>
   <div class='ocr_carea' id='block_1_5' title="bbox 386 2779 1750 2968">
    <p class='ocr_par' dir='ltr' id='par_1_6' title="bbox 386 2779 1750 2968">
     <span class='ocr_line' id='line_1_29' title="bbox 439 2779 1750 2842; baseline -0.005 -12"><span class='ocrx_word' id='word_1_199' title='bbox 439 2779 485 2830; x_wconf 85' lang='grc'><strong>5)</strong></span> <span class='ocrx_word' id='word_1_200' title='bbox 513 2783 695 2835; x_wconf 78' lang='grc' dir='ltr'><strong><em>ὧς-λὲγει.</em></strong></span> <span class='ocrx_word' id='word_1_201' title='bbox 714 2783 897 2839; x_wconf 86' lang='lat' dir='ltr'><strong>Nempe,</strong></span> <span class='ocrx_word' id='word_1_202' title='bbox 925 2783 972 2826; x_wconf 90' lang='lat' dir='ltr'><strong>ni</strong></span> <span class='ocrx_word' id='word_1_203' title='bbox 987 2783 1132 2836; x_wconf 82' lang='lat' dir='ltr'><strong>fallor,</strong></span> <span class='ocrx_word' id='word_1_204' title='bbox 1158 2784 1206 2826; x_wconf 86' lang='lat' dir='ltr'><strong>in</strong></span> <span class='ocrx_word' id='word_1_205' title='bbox 1229 2797 1352 2840; x_wconf 84' lang='lat' dir='ltr'><strong>opere</strong></span> <span class='ocrx_word' id='word_1_206' title='bbox 1369 2783 1419 2825; x_wconf 85' lang='lat' dir='ltr'><strong>de</strong></span> <span class='ocrx_word' id='word_1_207' title='bbox 1446 2783 1615 2825; x_wconf 77' lang='lat' dir='ltr'><strong>scientia</strong></span> <span class='ocrx_word' id='word_1_208' title='bbox 1637 2780 1750 2842; x_wconf 86' lang='lat' dir='ltr'><strong>mili-</strong></span> 
     </span>
     <span class='ocr_line' id='line_1_30' title="bbox 386 2845 710 2900; baseline 0 -14"><span class='ocrx_word' id='word_1_209' title='bbox 386 2845 478 2886; x_wconf 75' lang='lat' dir='ltr'><strong>tari.</strong></span> <span class='ocrx_word' id='word_1_210' title='bbox 509 2859 552 2885; x_wconf 84' lang='lat' dir='ltr'><strong>v.</strong></span> <span class='ocrx_word' id='word_1_211' title='bbox 580 2859 622 2895; x_wconf 88' lang='lat'><strong>1,</strong></span> <span class='ocrx_word' id='word_1_212' title='bbox 647 2849 710 2900; x_wconf 74' lang='lat'><strong>47.</strong></span> 
     </span>
     <span class='ocr_line' id='line_1_31' title="bbox 441 2908 1219 2968; baseline 0.003 -18"><span class='ocrx_word' id='word_1_213' title='bbox 441 2911 490 2960; x_wconf 89' lang='lat'><strong>6)</strong></span> <span class='ocrx_word' id='word_1_214' title='bbox 517 2908 615 2950; x_wconf 81' lang='lat' dir='ltr'><strong>Cod.</strong></span> <span class='ocrx_word' id='word_1_215' title='bbox 640 2911 697 2950; x_wconf 81' lang='grc' dir='ltr'><strong>τὸ.</strong></span> <span class='ocrx_word' id='word_1_216' title='bbox 754 2913 800 2964; x_wconf 90' lang='lat'><strong>7)</strong></span> <span class='ocrx_word' id='word_1_217' title='bbox 829 2913 868 2951; x_wconf 77' lang='grc' dir='ltr'><strong>δὲ</strong></span> <span class='ocrx_word' id='word_1_218' title='bbox 895 2915 967 2953; x_wconf 77' lang='grc' dir='ltr'><strong>καὶ.</strong></span> <span class='ocrx_word' id='word_1_219' title='bbox 987 2913 1098 2968; x_wconf 86' lang='lat' dir='ltr'><strong>Lego</strong></span> <span class='ocrx_word' id='word_1_220' title='bbox 1121 2915 1219 2954; x_wconf 75' lang='grc' dir='ltr'><strong><em>δέκα.</em></strong></span> 
     </span>
    </p>
   </div>
   <div class='ocr_carea' id='block_1_6' title="bbox 1485 2991 1550 3021">
    <p class='ocr_par' dir='ltr' id='par_1_7' title="bbox 1485 2991 1550 3021">
     <span class='ocr_line' id='line_1_32' title="bbox 1485 2991 1550 3021; baseline 0 0"><span class='ocrx_word' id='word_1_221' title='bbox 1485 2991 1550 3021; x_wconf 79' lang='lat'><strong>20</strong></span> 
     </span>
    </p>
   </div>
  </div>
 </body>
</html>
