2748 3834
1071 462 1131 510 32
1372 478 1504 509 Lym
1543 476 1613 505 nn
1651 475 2121 511 MAGISTRATIBUS

1063 553 1280 614 Αὑρήλλιος
1305 551 1324 592 ὁ
1348 549 1504 607 νομικὸς
1511 581 1526 601 ,
1554 548 1720 607 ῥήμασιν
1754 546 1891 598 αὐτοῖς·
1919 550 2018 611 πρὸς
2046 550 2243 611 ἑρμηνείαν
2270 554 2420 605 τούτοις

1060 630 1190 672 εἰπών·
1234 642 1255 666 ι(
1277 624 1340 668 διὰ
1374 623 1556 683 βραχέων
1582 623 1699 668 εἰπεῖν
1733 624 1915 686 χρειῶδές
1939 626 2026 682 ἐςι,
2055 629 2168 673 πόθεν
2195 623 2263 678 τὴν
2296 632 2420 692 ἀρχὴν

1056 711 1132 749 τῶν
1150 701 1392 763 πραιτωρίων
1417 701 1594 762 ὕπαρχος
1619 704 1744 761 ἔσχεν.
1769 693 1859 747 Ᾰπὸ
1885 699 1924 744 1)
1947 708 2017 750 τοῦ
2042 706 2238 768 ἱππάρχου
2265 708 2289 754 ἢ
2320 710 2419 766 μοῖλ·

1053 781 1135 824 λον·
1169 780 1221 828 εἰς
1254 780 1372 823 τόπον
1393 777 1470 839 γὰρ
1496 777 1639 823 ἐκείνου
1667 780 1732 823 τὸν
1758 783 1930 842 ἔπαρχον
1954 785 2420 844 προχειρισθῆναιπασιν.

1053 860 1147 909 Τγοῖς
1173 857 1350 919 ἀρχαίοις
1374 848 1459 906 ἕςιὺ
1488 854 1544 905 οἷς
1566 859 1590 904 ἡ
1611 863 1722 902 πᾶσα
1742 859 1841 920 πρὸς
1864 860 1997 921 καιρὸν
2020 858 2178 912 ἐξουσία
2199 867 2275 907 τῶν
2295 879 2420 924 πραγ-

1050 940 1186 996 μάτων
1212 935 1426 986 ε’πις-εύετο.
1456 922 1698 994 Επελέγοντο
1722 937 1795 998 γὰρ
1820 936 1969 986 ἑαυτοῖς
1987 940 2158 997 ἡγεμόνα
2173 943 2247 984 τῶν
2273 939 2417 984 ἱππέων

1051 1008 1271 1068 &mg-0212),
1293 1013 1475 1057 κοινωνὸν
1494 1016 1624 1075 ὥσπερ
1646 1021 1713 1064 τῆς
1736 1016 1861 1076 ἀρχῆς
1884 1015 1947 1059 καὶ
1971 1014 2193 1067 διοικήσεως
2212 1022 2287 1062 τῶν
2297 1035 2417 1080 πραγ-

1046 1097 1196 1152 μάτων.
1221 1093 1303 1136 Τοῦ
1334 1090 1376 1136 δὲ
1401 1095 1571 1154 κράτους
1600 1093 1744 1154 ὕςερον
1773 1092 1836 1138 ἐπὶ
1859 1092 1951 1143 τοὺς
1977 1094 2270 1156 αὐτοκράτορας
2296 1113 2415 1154 μετε-

1047 1170 1241 1229 νεχθέντος
1250 1204 1264 1226 ,
1283 1171 1380 1232 πρὸς
1397 1171 1581 1229 ὁμοίωσιν
1598 1174 1667 1215 τοῦ
1691 1170 1905 1232 ἱππάρχου,
1921 1174 1997 1215 τῶν
2015 1173 2257 1233 πραιτωρίων
2268 1174 2415 1233 προῆλ-

1045 1249 1117 1292 &cv
1148 1251 1333 1311 ἔπαρχος.
1364 1248 1446 1293 Καὶ
1479 1246 1631 1293 δέδοται
1660 1248 1766 1309 αὐτῷ
1796 1250 1944 1308 μείζων
1962 1250 1987 1296 ἢ
2017 1247 2103 1294 κατ’
2130 1250 2269 1294 ἐκεῖνον
2299 1250 2412 1310 ἰσχὺς

1042 1334 1110 1376 τῆς
1142 1324 1184 1370 δὲ
1206 1319 1251 1366 5)
1279 1324 1501 1376 διοικήσεως
1520 1330 1599 1380 τῶν
1623 1330 1888 1388 πραγμάτων,
1910 1334 1978 1376 τῆς
2001 1343 2042 1371 τε
2062 1331 2322 1378 κατας-άσεως
2346 1328 2411 1372 καιΙ

1041 1406 1242 1456 ἀσκήσεως
1266 1410 1342 1451 τῶν
1373 1408 1676 1468 ςροιτευμάτων,
1701 1405 1765 1450 καὶ
1795 1406 2095 1467 ἐπανορθώσεως
2129 1407 2311 1464 ἁπάσης,
2345 1406 2409 1449 καὶ

1039 1483 1092 1533 εἰς
1131 1489 1318 1529 τοσοῦτον
1354 1483 1547 1547 ὑπεροχῆς
1589 1484 1826 1549 προελθεῖν,
1865 1484 1918 1531 ὡς
1957 1481 2092 1540 μηδενὶ
2132 1481 2268 1532 ἐξεῖναι
2307 1486 2406 1545 πρὸς

1036 1566 1172 1624 ἄφεσιν
1207 1558 1249 1602 4)
1289 1565 1436 1624 ὁρμᾷν,
1471 1563 1495 1610 ἢ
1534 1562 1633 1611 ὅλως
1664 1561 1914 1605 ἐκκαλεῖσθαι
1945 1562 2013 1608 τὴν
2056 1559 2178 1604 αὐτοῦ
2210 1561 2332 1623 κρίσιν
2357 1578 2404 1606 υ.

2059 1624 2061 1645 ἱ

1034 1643 1116 1686 Καὶ
1144 1646 1231 1688 τότε
1257 1636 1306 1697 5),
1323 1643 1392 1702 μὲν
1417 1643 1436 1686 ὁ
1456 1646 1721 1705 νομογράφος.

1116 1738 1132 1764 1
1147 1718 1192 1767 5.
1229 1708 1304 1768 ὁτι
1320 1720 1378 1780 δὲ,
1395 1722 1470 1779 κᾷν
1481 1723 1515 1766 εἰ
1524 1724 1643 1783 τυχὸν
1655 1723 1898 1785 πρεσὸυτέρα
1915 1718 1955 1764 5)
1972 1721 2035 1765 καὶ
2048 1722 2168 1782 μείζω
2180 1725 2256 1766 τῶν
2269 1722 2402 1783 ἀρχῶν

1031 1802 1195 1845 ἀπασῶν
1217 1802 1434 1864 ἐπαρχότης
1457 1807 1533 1848 τῶν
1556 1802 1799 1864 πραιτωρίων
1819 1802 1913 1846 εἶναι
1937 1799 2090 1845 δέδοται
2099 1835 2114 1855 ,
2137 1800 2201 1844 καὶ
2218 1798 2401 1860 χρειῶδες

1030 1867 1078 1924 ἧνΙ
1114 1885 1198 1938 ἅμα
1223 1879 1286 1923 καὶ
1308 1879 1495 1942 ἁρμόδιον
1520 1879 1569 1924 δι’
1592 1880 1682 1932 ὅλης
1713 1882 1832 1931 αὐτῆς
1854 1887 1922 1931 τῆς
1951 1877 2096 1932 τάξεως
2119 1877 2184 1922 καὶ
2202 1875 2400 1936 δυνάμεως

1030 1954 1228 2014 ἐξαγαγεῖν
1251 1958 1316 1998 τὸν
1337 1958 1468 2011 λόγον·
1494 1956 1582 1995 ἀλλ’
1597 1953 1665 1994 οὖν
1687 1957 1818 1998 ἐπειδὴ
1837 1961 1890 2008 μὴ
1907 1956 1980 1996 ἀπ’
1995 1960 2119 2011 ἀρχῆς
2127 1986 2141 2006 ,
2162 1957 2242 1996 ἀπὸ
2265 1953 2308 1995 δὲ
2327 1956 2398 1997 τοῦ

1030 2028 1262 2089 Αὐγούςουι
1287 2029 1372 2073 ἀντὶ
1400 2032 1469 2072 τοῦ
1500 2029 1723 2089 ἱππάρχου,
1755 2028 1808 2077 ὡς
1841 2030 1960 2089 ἔφην,
1999 2029 2293 2089 προεχειρίσθη·
2324 2032 2397 2091 ἀρ-

1029 2107 1130 2151 κέσει
1157 2108 1252 2156 τέως
1277 2107 1365 2168 περι1
1390 2112 1458 2155 τῆς
1486 2107 1742 2166 ἀρχαιότητος
1769 2106 1908 2161 εἰπεῖν,
1926 2105 1989 2149 καὶ
2018 2107 2113 2149 ὅθεν
2133 2109 2156 2154 ἡ
2177 2106 2393 2167 ἑπαρχότης

1026 2185 1106 2240 ἔχει
1135 2185 1185 2226 τὰ
1208 2186 1428 2242 σπάργανα·
1458 2180 1540 2224 εἶτα
1574 2183 1674 2238 μετὰ
1696 2185 1763 2229 τὴν
1797 2185 1988 2244 ἀφήγησιν
2021 2187 2097 2225 τῶν
2127 2184 2392 2244 παλαιοτέρων

1025 2261 1180 2320 ἀρχῶν,
1209 2259 1247 2302 ἐν
1287 2258 1505 2320 προοιμίοις
1538 2264 1606 2307 τῆς
1648 2257 1865 2318 Αὐγούςου
1900 2258 2124 2316 βασιλείας,
2158 2257 2203 2310 ἐξ
2239 2258 2306 2315 ἧς,
2337 2261 2402 2311 ὡς·

1023 2340 1140 2400 ἔφην,
1169 2337 1233 2381 καὶ
1267 2338 1317 2382 τοὶ
1345 2337 1531 2398 προοίμια
1552 2338 1665 2394 ἔσχεν
1696 2339 1720 2384 ἡ
1749 2338 1875 2398 ἀρχὴ,
1909 2334 2046 2398 ἐφεξῆς
2081 2341 2257 2393 ἅπαντα,
2297 2340 2390 2387 ὅσον

1024 2433 1065 2461 τε
1087 2417 1190 2461 κατὰ
1218 2408 1383 2476 σμικρὸν
1409 2413 1594 2476 ἀφῃρέθη.
1626 2413 1726 2457 Εἶτα
1760 2411 1803 2456 δὲ
1841 2413 1904 2455 καὶ
1939 2413 2025 2472 περὶ
2064 2421 2132 2462 τῆς
2168 2413 2234 2458 ὑπ’
2267 2415 2388 2464 αὐτὴν

1082 2505 1124 2553 1)
1151 2497 1382 2543 Α’πὸ-πασιν.
1402 2501 1501 2542 Non
1525 2514 1607 2540 uno
1629 2500 1732 2554 vissio
1748 2498 1833 2538 haec
1854 2499 2036 2538 laborare
2050 2497 2256 2541 videntur.
2273 2501 2292 2542 ἦ
2310 2531 2318 2550 ,
2339 2502 2386 2541 ni

1026 2569 1148 2610 fallor
1161 2598 1173 2615 ‚
1197 2568 1428 2608 delendum.
1445 2566 1565 2606 Conf.
1595 2579 1634 2615 1,
1664 2566 1714 2604 33
1731 2595 1741 2613 ‚
1759 2570 1800 2603 et
1817 2578 1851 2604 11
1866 2594 1876 2612 ,
1908 2577 1953 2603 12
1972 2594 1982 2612 ,
2005 2566 2151 2616 μαλλον.
2182 2566 2260 2604 Pro
2276 2584 2384 2606 πασιν

1024 2632 1135 2674 haud
1161 2632 1282 2671 dubie
1303 2631 1516 2684 legendum
1531 2646 1646 2682 φασιν.
1661 2628 1779 2668 conf.
1794 2629 1917 2669 verba
1933 2627 2115 2677 Aurelii,
2141 2628 2230 2667 loco
2246 2630 2381 2670 citato.

1079 2700 1126 2745 2)
1152 2699 1263 2749 Lego
1281 2698 1420 2741 ἕκαςος.
1452 2697 1500 2743 5)
1534 2696 1643 2748 Lego
1667 2711 1720 2734 τε.

1078 2765 1123 2812 4)
1147 2762 1272 2813 ,ἄφεσιν
1285 2761 1547 2799 -ἐκκαλεῑσᾶαι,
1564 2759 1673 2812 Lego
1690 2759 1746 2811 ἕφ.
1762 2785 1778 2792 -
1793 2761 1868 2811 ἐγκ.
1904 2758 1949 2807 5)
1979 2758 2088 2812 Lego
2107 2758 2202 2796 τόδε.

1074 2827 1124 2878 6)
1147 2826 1622 2880 πρεσὸυτέρα-ἐπαρχότης.
1650 2826 1760 2879 Lego
1780 2826 2292 2880 πρεσὸυτὲραν-ἐπαρχότητα.
2314 2829 2334 2834 ”
