2748 3834
618 556 1009 590 nzxrunmcn
1045 554 1319 587 nomana
1350 555 1455 587 mn.
1493 556 1580 588 ιη.
1675 539 1777 589 283

422 630 603 679 Graecis
630 630 848 679 traditur
864 667 878 691 ,
903 627 981 679 uti
1006 633 1178 679 Castor
1197 629 1250 677 in
1269 630 1490 696 epitome
1512 627 1784 679 Chronico-

426 718 546 758 rum
574 710 1008 759 eornmemoravit.
1039 708 1285 757 Balneum
1314 707 1582 774 publicum
1615 710 1786 757 autem

432 789 682 837 severium
698 805 733 837 a
745 793 930 838 Severo
943 825 957 848 ,
978 791 1322 837 Romanorum
1343 787 1642 853 imperatore
1660 822 1676 847 ,
1702 802 1792 835 no-

434 867 687 915 minatum
737 877 811 915 est
836 904 850 927 ‚
901 867 994 932 qui
1042 865 1297 914 articulari
1342 865 1521 915 morbo
1561 864 1793 914 laborans

432 942 678 993 balneum
717 944 846 992 illud
889 944 1132 994 exstruxit
1152 979 1166 999 ,
1206 952 1416 1012 propter
1454 953 1622 1009 >ortam]
1643 945 1796 1015 inter

437 1037 558 1071 eum
574 1031 624 1070 et
635 1023 847 1089 Nigrum
859 1021 1157 1072 discordiam
1174 1022 1229 1070 in
1243 1020 1449 1071 Thracia
1465 1036 1797 1071 commorans.

437 1099 612 1148 Tantis
629 1109 798 1148 autem
818 1099 1039 1148 molibus
1058 1101 1111 1148 in
1134 1100 1301 1166 ignem
1317 1099 1799 1165 mutatis‚correptae

444 1190 608 1243 usque
648 1176 712 1225 ad
737 1175 906 1225 forum
945 1178 1266 1227 Constantini
1300 1193 1395 1244 per
1430 1175 1610 1226 urbem
1649 1176 1802 1244 perti·

447 1263 628 1302 nentes
663 1254 890 1320 porticus
923 1254 944 1321 (
969 1254 1201 1323 campani
1234 1270 1316 1303 eas
1346 1255 1401 1302 in
1430 1264 1643 1320 gratiam
1675 1256 1806 1323 Con-

448 1332 660 1380 stantini
686 1333 981 1380 exstruxisse
1005 1331 1281 1397 dicuntur)
1302 1367 1318 1391 ,
1346 1330 1731 1397 pulchritudine
1758 1339 1809 1378 et

450 1407 804 1474 magnitudine
845 1408 1201 1457 columnarum
1216 1444 1235 1469 ‚
1285 1406 1597 1474 Parthenope
1647 1407 1667 1471 (
1699 1424 1810 1472 quae

452 1501 597 1533 nuno
613 1485 872 1551 Neapolis)
893 1496 943 1535 et
957 1485 1257 1535 Dicaearchia
1284 1486 1405 1553 (qui
1428 1502 1571 1534 nunc
1589 1483 1812 1548 Puteoli)

451 1563 772 1625 Byzantium,
795 1563 850 1612 in
878 1566 1088 1631 gratiam
1107 1602 1124 1626 ‚
1155 1575 1215 1615 ut
1237 1563 1371 1626 dixi,
1396 1559 1815 1631 imperatoris'ad·

453 1650 710 1690 ventarum
725 1678 739 1702 ,
770 1643 825 1690 iu
848 1636 1310 1692 tabernacula-scite
1334 1642 1579 1709 descripta
1602 1641 1817 1709 plateam

446 1719 741 1787 partientes.
772 1720 934 1769 Simul
970 1722 1129 1787 igitur
1165 1721 1220 1769 in
1255 1722 1447 1770 cineres
1471 1720 1668 1769 redacta
1694 1719 1821 1785 (qui

457 1788 596 1846 enim
618 1814 724 1846 non
750 1796 1019 1863 fuissenti’)
1054 1816 1125 1853 m,
1173 1800 1233 1848 iis
1255 1790 1318 1848 ad
1344 1800 1746 1866 Septentrionem
1772 1806 1826 1846 et

452 1873 721 1924 ‘Meridiem
736 1875 1033 1926 cohaerentia
1047 1869 1139 1926 aedi
1180 1878 1281 1938 σίας
1300 1893 1549 1944 monsque
1557 1885 1666 1924 erat
1678 1872 1801 1923 urbs
1812 1909 1825 1931 ‚

463 1959 516 1998 et
540 1951 675 2018 nigri
698 1955 1047 2023 'praeruptique
1075 1953 1226 2004 colles
1243 1991 1257 2015 ‚
1277 1953 1435 2003 veluti
1456 1956 1511 2002 in
1530 1955 1708 2020 Lipare
1737 1954 1829 1999 'aut

398 2037 402 2040 “
462 2030 683 2093 Vesuvio
697 2067 714 2091 ,
736 2033 948 2098 pulvere
963 2070 977 2093 ‚
1014 2033 1160 2082 fumo
1183 2044 1234 2083 et
1255 2033 1416 2083 fetore
1429 2033 1711 2082 combustae
1731 2046 1854 2078 ma·.

450 2106 605 2174 ⁸teriae
621 2102 997 2176 inhabitabilis,
1024 2110 1370 2158 miserandum
1396 2108 1720 2156 intuentibus
1738 2116 1831 2154 ter·

470 2199 638 2231 rorem
656 2184 925 2233 incutiens.
944 2189 1005 2233 Et
1027 2187 1282 2252 populum
1300 2185 1508 2251 quidem
1521 2221 1535 2243 ‚
1553 2202 1641 2231 seu
1662 2185 1837 2250 potius

468 2257 744 2307 barbarum
777 2270 827 2308 et
855 2262 1210 2310 immisericors
1238 2261 1422 2326 vulgus
1451 2261 1643 2308 meritis
1671 2259 1839 2325 poenis

410 2327 414 2331 ’
468 2336 584 2402 ipsa
598 2337 807 2386 victoria
822 2339 1036 2404 subjecit
1051 2376 1065 2400 ‚
1083 2339 1146 2388 ad
1168 2340 1541 2406 quinquaginta
1557 2337 1658 2386 fere
1681 2336 1841 2384 millia

478 2415 747 2463 acervatim
766 2413 899 2466 ferro
918 2411 1152 2466 necatum
1173 2436 1184 2465 :
1206 2416 1329 2465 urbs
1347 2432 1465 2465 vero
1476 2413 1673 2480 jacebat
1686 2452 1700 2475 ,
1725 2415 1843 2480 igne

478 2500 529 2540 et
552 2490 824 2542 ruderibus
856 2505 907 2542 et
929 2493 1261 2560 reliquiarum
1292 2492 1608 2542 deformitate
1636 2490 1844 2540 horren·

464 2566 688 2696 ,dal-“ssd
712 2569 836 2621 deus
862 2572 890 2640 (
910 2573 1101 2624 etenim
1134 2571 1225 2623 ille
1242 2571 1380 2623 sol-us
1399 2572 1627 2638 poterat)
1655 2578 1842 2618 tantam

468 2661 540 2696 -no
648 2663 717 2696 s...
1234 2692 1236 2695 Α
