2748 3834
685 547 1066 583 nnxrunmcn
1101 547 1374 581 nomnen
1406 547 1509 582 mn.
1547 549 1580 583 1.
1672 534 1674 536 ’
1749 532 1816 583 63

452 625 786 690 interpretari.
808 624 974 672 Patrio
998 637 1229 670 sermone
1252 622 1409 686 igitur
1432 623 1499 670 ita
1523 625 1709 674 vocant
1728 627 1818 674 Ro-

451 704 590 752 mani
611 720 729 751 eum
741 739 756 763 ‚
786 703 878 768 qui
896 700 1204 768 singularem
1221 709 1515 766 potestatem
1536 701 1598 751 ad
1614 712 1819 770 tempus

452 792 612 841 tenet;
647 797 815 848 neque
842 817 857 842 ‚
895 779 1020 829 dum
1052 787 1229 844 praeest
1266 778 1588 843 reipublicae,
1619 782 1818 848 scriptis

451 876 561 908 eam
589 858 786 926 legibus
806 857 1038 915 ordinat3
1062 855 1256 920 quippe
1277 853 1418 904 brevi
1440 857 1712 923 imperium
1728 875 1817 927 po·

450 939 656 987 siturus.
677 939 870 986 Justam
905 934 1044 983 enim
1080 931 1154 980 illi
1179 942 1474 998 potestatem
1497 947 1815 989 vocantsnon

450 1017 690 1076 omnem,
737 1013 824 1062 sed
860 1028 957 1079 pro
992 1010 1281 1077 reipublicae
1311 1012 1530 1062 utilitate
1568 1014 1632 1063 ad
1666 1015 1816 1083 breve

449 1103 651 1159 tempus
668 1090 833 1139 datam
865 1107 876 1138 τ
898 1100 957 1139 ut
982 1089 1075 1138 hac
1100 1091 1153 1138 in
1179 1092 1434 1156 integrum
1465 1093 1679 1144 consilio
1709 1104 1815 1145 tan·

448 1179 560 1219 tum
578 1170 807 1218 restituta
820 1205 834 1229 ‚
850 1168 1090 1234 deinceps
1102 1169 1164 1227 is,
1182 1169 1266 1216 cui
1283 1168 1395 1217 data
1411 1162 1497 1231 sit,
1515 1170 1577 1218 ad
1594 1173 1815 1238 priorem

445 1248 794 1298 conditionem
813 1257 1104 1296 revertatur.
1125 1248 1323 1295 Etenim
1344 1249 1499 1297 simul
1516 1266 1572 1298 ac
1589 1250 1816 1301 laboran-

448 1336 549 1375 tem
580 1325 873 1393 reipublicae
905 1335 1101 1394 partem
1136 1336 1377 1388 sanasset,
1416 1326 1632 1379 dictator
1660 1331 1816 1397 impe-

447 1405 584 1452 rium
610 1404 850 1471 ponebat.
1528 1427 1532 1431 ’

517 1481 599 1548 37.
634 1484 862 1531 Primum
893 1484 1050 1548 igitur
1081 1479 1374 1531 dictatorem
1405 1493 1576 1532 creant
1591 1486 1815 1533 Romani

447 1560 620 1607 Titum
645 1561 921 1618 Marcium3
959 1562 1051 1625 qui
1077 1561 1229 1608 simul
1257 1571 1410 1626 atque
1440 1563 1714 1627 imperium
1738 1579 1815 1611 ca·

446 1637 651 1703 pessivit
669 1672 683 1696 ‚
718 1636 847 1685 duos
865 1637 1097 1693 consules
1123 1639 1421 1686 nominavit.
1446 1641 1620 1705 Neque
1643 1649 1813 1688 tamen

447 1725 648 1780 tempus
662 1716 948 1775 constituit,
966 1732 1072 1781 quo
1087 1715 1395 1781 eligerentur
1412 1717 1644 1766 consules
1662 1736 1672 1764 :
1695 1733 1814 1765 nam

445 1802 506 1840 ut
540 1809 712 1841 mense
748 1795 986 1841 januario
1014 1786 1271 1842 crearetur
1301 1796 1514 1856 consul,
1564 1798 1816 1863 posterius

445 1871 758 1920 institutum.
786 1873 995 1919 Annum
1020 1888 1140 1919 vero
1159 1868 1689 1939 ampliusconsulatui
1707 1882 1813 1922 non

443 1950 689 1997 concessit
706 1984 720 2009 ‚
758 1948 1133 1997 mutationibus
1151 1950 1346 2016 ubique
1364 1952 1704 2016 gaudentibus
1723 1955 1816 2000 Ro-

441 2026 627 2077 manis..
656 2027 848 2068 Omnia
875 2035 1048 2067 autem
1078 2029 1235 2084 regius
1268 2031 1529 2089 potestatis
1549 2031 1784 2094 ⁴insignia
1801 2066 1824 2089 r
1852 2030 1856 2033 ’

438 2111 620 2169 praeter
653 2113 893 2150 coronam
915 2131 929 2159 ‚
970 2096 1180 2149 aderant
1215 2101 1451 2151 dictatori
1495 2122 1511 2151 ε.
1543 2104 1815 2154 duodecim
1870 2117 1892 2130 ⁴

439 2194 639 2228 secures
655 2217 669 2239 ‚
696 2194 964 2245 purpura,
994 2178 1110 2226 sella
1131 2215 1144 2238 ‚
1174 2179 1387 2240 lanceoe,
1407 2191 1459 2229 et
1479 2194 1846 2251 quaecumque(

439 2274 620 2323 regum
640 2259 858 2322 insignia
875 2256 1091 2304 fuerant.
1108 2257 1247 2304 Idem
1265 2259 1495 2323 primum
1517 2263 1820 2326 magistrum*¹

442 2338 706 2403 equitum,
727 2338 971 2402 Spurium
995 2338 1220 2386 Cassium
1236 2375 1250 2399 ‚
1284 2340 1580 2388 ministrum·
1601 2340 1698 2390 sibi
1721 2341 1821 2390 ele*-

443 2418 518 2482 git
536 2453 551 2477 ‚
582 2415 733 2464 sicuti
747 2413 996 2464 Romulus
1018 2401 1243 2465 Ceierem
1267 2418 1504 2484 equitum
1522 2418 1813 2469 tribunum.

443 2494 839 2544 Praeferebantur
869 2506 1039 2545 autem
1065 2497 1213 2559 huic,
1240 2508 1421 2566 praeter
1446 2498 1596 2563 jubas
1613 2537 1627 2560 ,
1662 2499 1816 2550 fasces

445 2573 585 2639 longi
620 2594 631 2622 ε
673 2576 766 2641 qui
790 2591 901 2623 mos
925 2574 1210 2642 hodieque,
1257 2578 1488 2644 quamvis
1526 2579 1813 2644 ignoratus,

446 2662 682 2700 servatur.
733 2653 1174 2703 Proficiscentibus
1209 2657 1348 2704 enim
1395 2657 1629 2722 equitum
1674 2658 1813 2706 duci·

451 2727 550 2776 hus
568 2745 674 2776 non
695 2732 916 2797 amplius
941 2733 1149 2799 quidem
1171 2733 1370 2783 lictores
1391 2771 1405 2795 ,
1436 2744 1495 2782 ut
1516 2734 1638 2782 olim
1656 2771 1673 2794 ‚
1695 2753 1814 2801 prae·

450 2816 605 2866 eunt,
644 2807 728 2855 sed
762 2825 790 2856 a
826 2820 966 2875 tergo
989 2823 1213 2861 armatus
1247 2823 1384 2861 unus
1421 2813 1689 2877 longarum
1720 2815 1815 2861 vir-

452 2900 630 2950 garum
653 2883 832 2934 fascem
865 2885 992 2947 ferre
1026 2889 1178 2949 solet,
1219 2906 1284 2938 ne
1317 2892 1423 2955 ipse
1457 2885 1663 2954 quidem
1699 2906 1810 2938 cau·
