<?xml version="1.0" encoding="UTF-8"?>
<!DOCTYPE html PUBLIC "-//W3C//DTD XHTML 1.0 Transitional//EN"
    "http://www.w3.org/TR/xhtml1/DTD/xhtml1-transitional.dtd">
<html xmlns="http://www.w3.org/1999/xhtml" xml:lang="en" lang="en">
 <head>
  <title>
</title>
<meta http-equiv="Content-Type" content="text/html;charset=utf-8" />
  <meta name='ocr-system' content='tesseract 3.04.00' />
  <meta name='ocr-capabilities' content='ocr_page ocr_carea ocr_par ocr_line ocrx_word'/>
</head>
<body>
  <div class='ocr_page' id='page_1' title='image "./demagistratibusr00lyduuoft_0088.png"; bbox 0 0 2748 3834; ppageno 0'>
   <div class='ocr_carea' id='block_1_1' title="bbox 956 435 1886 489">
    <p class='ocr_par' dir='ltr' id='par_1_1' title="bbox 956 435 1886 489">
     <span class='ocr_line' id='line_1_1' title="bbox 956 435 1886 489; baseline -0.002 -6"><span class='ocrx_word' id='word_1_1' title='bbox 956 435 1112 485; x_wconf 76' lang='lat' dir='ltr'><strong>lxxiv</strong></span> <span class='ocrx_word' id='word_1_2' title='bbox 1381 451 1886 489; x_wconf 62' lang='lat' dir='ltr'><strong>coMMssuw-Anms</strong></span> 
     </span>
    </p>
   </div>
   <div class='ocr_carea' id='block_1_2' title="bbox 932 542 2366 2819">
    <p class='ocr_par' dir='ltr' id='par_1_2' title="bbox 932 542 2366 2819">
     <span class='ocr_line' id='line_1_2' title="bbox 955 542 2309 606; baseline 0.001 -13"><span class='ocrx_word' id='word_1_3' title='bbox 955 545 1180 603; x_wconf 81' lang='lat' dir='ltr'><strong>Deinde,</strong></span> <span class='ocrx_word' id='word_1_4' title='bbox 1206 560 1356 593; x_wconf 82' lang='lat' dir='ltr'><strong>voces</strong></span> <span class='ocrx_word' id='word_1_5' title='bbox 1371 542 1550 595; x_wconf 78' lang='lat' dir='ltr'><strong>latinas</strong></span> <span class='ocrx_word' id='word_1_6' title='bbox 1567 577 1580 597; x_wconf 88' lang='lat'><em>,</em></span> <span class='ocrx_word' id='word_1_7' title='bbox 1613 543 1654 595; x_wconf 84' lang='lat' dir='ltr'><strong>si</strong></span> <span class='ocrx_word' id='word_1_8' title='bbox 1677 559 1790 603; x_wconf 72' lang='lat' dir='ltr'><strong>quae</strong></span> <span class='ocrx_word' id='word_1_9' title='bbox 1814 552 2120 606; x_wconf 80' lang='lat' dir='ltr'><strong>occurrunt,</strong></span> <span class='ocrx_word' id='word_1_10' title='bbox 2152 546 2309 597; x_wconf 86' lang='lat' dir='ltr'><strong>literis</strong></span> 
     </span>
     <span class='ocr_line' id='line_1_3' title="bbox 953 625 2311 700; baseline 0.004 -22"><span class='ocrx_word' id='word_1_11' title='bbox 953 630 1242 693; x_wconf 82' lang='lat' dir='ltr'><strong>majusculis</strong></span> <span class='ocrx_word' id='word_1_12' title='bbox 1261 628 1472 689; x_wconf 81' lang='lat' dir='ltr'><strong>scripsit.</strong></span> <span class='ocrx_word' id='word_1_13' title='bbox 1495 625 1650 675; x_wconf 87' lang='lat' dir='ltr'>Unde</span> <span class='ocrx_word' id='word_1_14' title='bbox 1673 629 1913 691; x_wconf 81' lang='lat' dir='ltr'>conjicio,</span> <span class='ocrx_word' id='word_1_15' title='bbox 1945 631 1999 680; x_wconf 87' lang='lat' dir='ltr'><strong>in</strong></span> <span class='ocrx_word' id='word_1_16' title='bbox 2026 632 2311 700; x_wconf 74' lang='lat' dir='ltr'><strong>antiquiore</strong></span> 
     </span>
     <span class='ocr_line' id='line_1_4' title="bbox 949 712 2311 783; baseline 0.001 -20"><span class='ocrx_word' id='word_1_17' title='bbox 949 718 1039 770; x_wconf 83' lang='lat' dir='ltr'><strong>illo</strong></span> <span class='ocrx_word' id='word_1_18' title='bbox 1056 732 1213 780; x_wconf 71' lang='lat' dir='ltr'><strong>graeca</strong></span> <span class='ocrx_word' id='word_1_19' title='bbox 1230 731 1435 778; x_wconf 90' lang='lat' dir='ltr'><strong>quoque</strong></span> <span class='ocrx_word' id='word_1_20' title='bbox 1455 712 1609 765; x_wconf 84' lang='lat' dir='ltr'><strong>fuisse</strong></span> <span class='ocrx_word' id='word_1_21' title='bbox 1627 717 1932 779; x_wconf 84' lang='lat' dir='ltr'><strong>majusculis.</strong></span> <span class='ocrx_word' id='word_1_22' title='bbox 1960 717 2060 768; x_wconf 85' lang='lat' dir='ltr'><strong>Sed</strong></span> <span class='ocrx_word' id='word_1_23' title='bbox 2079 737 2173 783; x_wconf 86' lang='lat' dir='ltr'><strong>pro</strong></span> <span class='ocrx_word' id='word_1_24' title='bbox 2192 737 2311 783; x_wconf 66' lang='lat' dir='ltr'><strong>grae-</strong></span> 
     </span>
     <span class='ocr_line' id='line_1_5' title="bbox 952 802 2310 873; baseline 0.004 -21"><span class='ocrx_word' id='word_1_25' title='bbox 952 805 1021 855; x_wconf 85' lang='lat' dir='ltr'><strong>cis</strong></span> <span class='ocrx_word' id='word_1_26' title='bbox 1034 803 1320 867; x_wconf 87' lang='lat' dir='ltr'><strong>majusculis</strong></span> <span class='ocrx_word' id='word_1_27' title='bbox 1334 802 1683 867; x_wconf 80' lang='lat' dir='ltr'><strong>Calligraphus</strong></span> <span class='ocrx_word' id='word_1_28' title='bbox 1696 806 1998 870; x_wconf 79' lang='lat' dir='ltr'><strong>scripturam</strong></span> <span class='ocrx_word' id='word_1_29' title='bbox 2014 807 2213 873; x_wconf 83' lang='lat' dir='ltr'><strong>ligatam</strong></span> <span class='ocrx_word' id='word_1_30' title='bbox 2231 811 2310 865; x_wconf 82' lang='lat' dir='ltr'><strong>sui</strong></span> 
     </span>
     <span class='ocr_line' id='line_1_6' title="bbox 950 891 2309 960; baseline -0.001 -18"><span class='ocrx_word' id='word_1_31' title='bbox 950 894 1119 951; x_wconf 78' lang='lat' dir='ltr'><strong>saeculi</strong></span> <span class='ocrx_word' id='word_1_32' title='bbox 1140 892 1374 950; x_wconf 83' lang='lat' dir='ltr'><strong>subtituit</strong></span> <span class='ocrx_word' id='word_1_33' title='bbox 1397 909 1405 938; x_wconf 95' lang='lat'>:</span> <span class='ocrx_word' id='word_1_34' title='bbox 1429 908 1522 955; x_wconf 81' lang='lat' dir='ltr'><strong>pro</strong></span> <span class='ocrx_word' id='word_1_35' title='bbox 1544 891 1713 948; x_wconf 79' lang='lat' dir='ltr'><strong>latinis</strong></span> <span class='ocrx_word' id='word_1_36' title='bbox 1735 911 1840 948; x_wconf 84' lang='lat' dir='ltr'><strong>non</strong></span> <span class='ocrx_word' id='word_1_37' title='bbox 1859 895 2005 959; x_wconf 78' lang='lat' dir='ltr'><strong>item,</strong></span> <span class='ocrx_word' id='word_1_38' title='bbox 2049 897 2186 960; x_wconf 88' lang='lat' dir='ltr'><strong>quod</strong></span> <span class='ocrx_word' id='word_1_39' title='bbox 2219 915 2309 949; x_wconf 84' lang='lat' dir='ltr'><strong>ne-.</strong></span> 
     </span>
     <span class='ocr_line' id='line_1_7' title="bbox 951 979 2308 1048; baseline 0.006 -17"><span class='ocrx_word' id='word_1_40' title='bbox 951 983 1136 1039; x_wconf 77' lang='lat' dir='ltr'><strong>sciebat</strong></span> <span class='ocrx_word' id='word_1_41' title='bbox 1164 981 1466 1044; x_wconf 78' lang='lat' dir='ltr'><strong>scripturam</strong></span> <span class='ocrx_word' id='word_1_42' title='bbox 1482 979 1682 1044; x_wconf 82' lang='lat' dir='ltr'><strong>ligatam</strong></span> <span class='ocrx_word' id='word_1_43' title='bbox 1700 981 1907 1038; x_wconf 79' lang='lat' dir='ltr'><strong>latinam</strong></span> <span class='ocrx_word' id='word_1_44' title='bbox 1927 1003 1936 1033; x_wconf 90' lang='lat'><strong>:</strong></span> <span class='ocrx_word' id='word_1_45' title='bbox 1957 1002 2113 1048; x_wconf 89' lang='lat' dir='ltr'><strong>quare</strong></span> <span class='ocrx_word' id='word_1_46' title='bbox 2140 985 2308 1041; x_wconf 68' lang='lat' dir='ltr'><strong>literas</strong></span> 
     </span>
     <span class='ocr_line' id='line_1_8' title="bbox 948 1055 2309 1136; baseline 0.003 -17"><span class='ocrx_word' id='word_1_47' title='bbox 948 1070 1126 1128; x_wconf 79' lang='lat' dir='ltr'><strong>latinas</strong></span> <span class='ocrx_word' id='word_1_48' title='bbox 1153 1086 1252 1133; x_wconf 80' lang='lat' dir='ltr'><strong>qua</strong></span> <span class='ocrx_word' id='word_1_49' title='bbox 1267 1066 1430 1126; x_wconf 80' lang='lat' dir='ltr'><strong>forma</strong></span> <span class='ocrx_word' id='word_1_50' title='bbox 1449 1076 1590 1126; x_wconf 74' lang='lat' dir='ltr'><strong>erant</strong></span> <span class='ocrx_word' id='word_1_51' title='bbox 1609 1055 1891 1136; x_wconf 6' lang='lat' dir='ltr'><strong>iniantiquo</strong></span> <span class='ocrx_word' id='word_1_52' title='bbox 1911 1073 2083 1124; x_wconf 85' lang='lat' dir='ltr'><strong>codice</strong></span> <span class='ocrx_word' id='word_1_53' title='bbox 2101 1111 2114 1135; x_wconf 91' lang='lat'>‚</span> <span class='ocrx_word' id='word_1_54' title='bbox 2135 1075 2309 1126; x_wconf 87' lang='lat' dir='ltr'><strong>eadem</strong></span> 
     </span>
     <span class='ocr_line' id='line_1_9' title="bbox 949 1143 2307 1227; baseline 0.008 -21"><span class='ocrx_word' id='word_1_55' title='bbox 949 1159 1195 1222; x_wconf 81' lang='lat' dir='ltr'><strong>expressit</strong></span> <span class='ocrx_word' id='word_1_56' title='bbox 1243 1158 1302 1220; x_wconf 82' lang='lat' dir='ltr'><strong>in</strong></span> <span class='ocrx_word' id='word_1_57' title='bbox 1345 1174 1454 1215; x_wconf 78' lang='lat' dir='ltr'><strong>suo.</strong></span> <span class='ocrx_word' id='word_1_58' title='bbox 1494 1143 1783 1222; x_wconf 76' lang='lat' dir='ltr'><strong>Postremo,</strong></span> <span class='ocrx_word' id='word_1_59' title='bbox 1833 1162 1993 1215; x_wconf 83' lang='lat' dir='ltr'><strong>multa</strong></span> <span class='ocrx_word' id='word_1_60' title='bbox 2039 1170 2158 1214; x_wconf 85' lang='lat' dir='ltr'><strong>sunt</strong></span> <span class='ocrx_word' id='word_1_61' title='bbox 2201 1164 2307 1227; x_wconf 61' lang='lat' dir='ltr'><strong>ejus</strong></span> 
     </span>
     <span class='ocr_line' id='line_1_10' title="bbox 945 1245 2306 1313; baseline 0.003 -17"><span class='ocrx_word' id='word_1_62' title='bbox 945 1246 1155 1309; x_wconf 83' lang='lat' dir='ltr'><strong>menda,</strong></span> <span class='ocrx_word' id='word_1_63' title='bbox 1191 1264 1305 1311; x_wconf 76' lang='lat' dir='ltr'><strong>quae</strong></span> <span class='ocrx_word' id='word_1_64' title='bbox 1326 1245 1523 1303; x_wconf 83' lang='lat' dir='ltr'><strong>facilius</strong></span> <span class='ocrx_word' id='word_1_65' title='bbox 1543 1247 1906 1313; x_wconf 85' lang='lat' dir='ltr'><strong>admittuntur,</strong></span> <span class='ocrx_word' id='word_1_66' title='bbox 1942 1252 1986 1301; x_wconf 89' lang='lat' dir='ltr'><strong>si</strong></span> <span class='ocrx_word' id='word_1_67' title='bbox 2010 1251 2166 1303; x_wconf 88' lang='lat' dir='ltr'><strong>habes</strong></span> <span class='ocrx_word' id='word_1_68' title='bbox 2189 1260 2306 1306; x_wconf 71' lang='lat' dir='ltr'><strong>ante</strong></span> 
     </span>
     <span class='ocr_line' id='line_1_11' title="bbox 945 1334 2305 1404; baseline 0.004 -21"><span class='ocrx_word' id='word_1_69' title='bbox 945 1335 1122 1392; x_wconf 85' lang='lat' dir='ltr'><strong>oculos</strong></span> <span class='ocrx_word' id='word_1_70' title='bbox 1142 1334 1367 1384; x_wconf 89' lang='lat' dir='ltr'><strong>codicem</strong></span> <span class='ocrx_word' id='word_1_71' title='bbox 1386 1337 1676 1400; x_wconf 63' lang='lat' dir='ltr'><strong>majusculae</strong></span> <span class='ocrx_word' id='word_1_72' title='bbox 1696 1338 1981 1404; x_wconf 67' lang='lat' dir='ltr'><strong>scripturae,</strong></span> <span class='ocrx_word' id='word_1_73' title='bbox 2013 1358 2167 1404; x_wconf 85' lang='lat' dir='ltr'><strong>quam</strong></span> <span class='ocrx_word' id='word_1_74' title='bbox 2189 1341 2231 1394; x_wconf 87' lang='lat' dir='ltr'><strong>si</strong></span> <span class='ocrx_word' id='word_1_75' title='bbox 2247 1341 2305 1391; x_wconf 85' lang='lat' dir='ltr'><strong>li.-</strong></span> 
     </span>
     <span class='ocr_line' id='line_1_12' title="bbox 942 1424 2306 1492; baseline 0.003 -19"><span class='ocrx_word' id='word_1_76' title='bbox 942 1433 1079 1489; x_wconf 84' lang='lat' dir='ltr'><strong>gatae.</strong></span> <span class='ocrx_word' id='word_1_77' title='bbox 1103 1424 1218 1473; x_wconf 85' lang='lat' dir='ltr'><strong>Fol.</strong></span> <span class='ocrx_word' id='word_1_78' title='bbox 1238 1425 1312 1473; x_wconf 18' lang='lat'><strong>&#39;51</strong></span> <span class='ocrx_word' id='word_1_79' title='bbox 1338 1442 1502 1485; x_wconf 78' lang='lat' dir='ltr'><strong>verso,</strong></span> <span class='ocrx_word' id='word_1_80' title='bbox 1524 1425 1639 1474; x_wconf 87' lang='lat' dir='ltr'><strong>edit.</strong></span> <span class='ocrx_word' id='word_1_81' title='bbox 1660 1444 1766 1492; x_wconf 85' lang='lat' dir='ltr'>pag.</span> <span class='ocrx_word' id='word_1_82' title='bbox 1795 1427 1859 1482; x_wconf 77' lang='lat'><strong>26</strong></span> <span class='ocrx_word' id='word_1_83' title='bbox 1879 1428 1968 1476; x_wconf 89' lang='lat' dir='ltr'><strong>lin.</strong></span> <span class='ocrx_word' id='word_1_84' title='bbox 1985 1445 2042 1490; x_wconf 66' lang='lat' dir='ltr'><strong>:ii</strong></span> <span class='ocrx_word' id='word_1_85' title='bbox 2067 1466 2080 1490; x_wconf 92' lang='lat'><strong>,</strong></span> <span class='ocrx_word' id='word_1_86' title='bbox 2107 1430 2306 1492; x_wconf 81' lang='lat' dir='ltr'><strong>scripsit</strong></span> 
     </span>
     <span class='ocr_line' id='line_1_13' title="bbox 943 1515 2307 1579; baseline 0.004 -17"><span class='ocrx_word' id='word_1_87' title='bbox 943 1517 1282 1579; x_wconf 71' lang='grc' dir='ltr'>προὸατορεύεται·</span> <span class='ocrx_word' id='word_1_88' title='bbox 1322 1515 1441 1579; x_wconf 84' lang='lat' dir='ltr'><strong>quia</strong></span> <span class='ocrx_word' id='word_1_89' title='bbox 1483 1515 1537 1574; x_wconf 85' lang='lat' dir='ltr'><strong>in</strong></span> <span class='ocrx_word' id='word_1_90' title='bbox 1568 1532 1970 1570; x_wconf 72' lang='grc' dir='ltr'>ΠΡοΣᾼΓοΡΕΥΕΤΑΙ</span> <span class='ocrx_word' id='word_1_91' title='bbox 2004 1515 2149 1571; x_wconf 83' lang='lat' dir='ltr'><strong>facile</strong></span> <span class='ocrx_word' id='word_1_92' title='bbox 2182 1535 2307 1566; x_wconf 78' lang='lat' dir='ltr'><strong>con·-</strong></span> 
     </span>
     <span class='ocr_line' id='line_1_14' title="bbox 942 1601 2303 1670; baseline -0.001 -17"><span class='ocrx_word' id='word_1_93' title='bbox 942 1601 1237 1655; x_wconf 87' lang='lat' dir='ltr'><strong>funduntur</strong></span> <span class='ocrx_word' id='word_1_94' title='bbox 1257 1620 1279 1651; x_wconf 79' lang='grc' dir='ltr'><strong>Σ</strong></span> <span class='ocrx_word' id='word_1_95' title='bbox 1306 1609 1355 1651; x_wconf 85' lang='lat' dir='ltr'><strong>et</strong></span> <span class='ocrx_word' id='word_1_96' title='bbox 1371 1620 1422 1666; x_wconf 77' lang='lat' dir='ltr'><strong>B,</strong></span> <span class='ocrx_word' id='word_1_97' title='bbox 1445 1619 1472 1655; x_wconf 84' lang='grc' dir='ltr'><strong>Γ</strong></span> <span class='ocrx_word' id='word_1_98' title='bbox 1489 1610 1538 1651; x_wconf 87' lang='lat' dir='ltr'><strong>et</strong></span> <span class='ocrx_word' id='word_1_99' title='bbox 1553 1619 1595 1651; x_wconf 82' lang='lat' dir='ltr'><strong>T.</strong></span> <span class='ocrx_word' id='word_1_100' title='bbox 1619 1605 1730 1652; x_wconf 84' lang='lat' dir='ltr'><strong>Fol.</strong></span> <span class='ocrx_word' id='word_1_101' title='bbox 1754 1606 1818 1670; x_wconf 76' lang='lat'><strong>59</strong></span> <span class='ocrx_word' id='word_1_102' title='bbox 1834 1623 1977 1654; x_wconf 72' lang='lat' dir='ltr'><strong>verso</strong></span> <span class='ocrx_word' id='word_1_103' title='bbox 2002 1622 2107 1669; x_wconf 70' lang='lat' dir='ltr'><strong>pag,</strong></span> <span class='ocrx_word' id='word_1_104' title='bbox 2132 1604 2196 1653; x_wconf 80' lang='lat'><strong>64</strong></span> <span class='ocrx_word' id='word_1_105' title='bbox 2216 1605 2303 1653; x_wconf 89' lang='lat' dir='ltr'><strong>lin.</strong></span> 
     </span>
     <span class='ocr_line' id='line_1_15' title="bbox 942 1691 2304 1759; baseline 0.001 -19"><span class='ocrx_word' id='word_1_106' title='bbox 942 1709 1039 1759; x_wconf 86' lang='lat' dir='ltr'><strong>pen</strong></span> <span class='ocrx_word' id='word_1_107' title='bbox 1048 1692 1135 1742; x_wconf 89' lang='lat' dir='ltr'><strong>ult.</strong></span> <span class='ocrx_word' id='word_1_108' title='bbox 1150 1695 1267 1744; x_wconf 81' lang='grc' dir='ltr'>λύλος</span> <span class='ocrx_word' id='word_1_109' title='bbox 1285 1698 1378 1756; x_wconf 86' lang='lat' dir='ltr'><strong>pro</strong></span> <span class='ocrx_word' id='word_1_110' title='bbox 1395 1707 1562 1750; x_wconf 74' lang='lat' dir='ltr'><strong>Aerc,</strong></span> <span class='ocrx_word' id='word_1_111' title='bbox 1577 1691 1771 1749; x_wconf 73' lang='lat' dir='ltr'><strong>ratione</strong></span> <span class='ocrx_word' id='word_1_112' title='bbox 1787 1693 1952 1747; x_wconf 81' lang='lat' dir='ltr'><strong>simili.</strong></span> <span class='ocrx_word' id='word_1_113' title='bbox 1971 1694 2081 1742; x_wconf 87' lang='lat' dir='ltr'><strong>Fol.</strong></span> <span class='ocrx_word' id='word_1_114' title='bbox 2100 1693 2161 1749; x_wconf 83' lang='lat'><strong>56</strong></span> <span class='ocrx_word' id='word_1_115' title='bbox 2175 1703 2304 1750; x_wconf 71' lang='lat' dir='ltr'><strong>recto</strong></span> 
     </span>
     <span class='ocr_line' id='line_1_16' title="bbox 941 1771 2305 1847; baseline 0.005 -23"><span class='ocrx_word' id='word_1_116' title='bbox 941 1798 1050 1846; x_wconf 84' lang='lat' dir='ltr'>pag.</span> <span class='ocrx_word' id='word_1_117' title='bbox 1078 1782 1169 1830; x_wconf 78' lang='lat'><strong>142</strong></span> <span class='ocrx_word' id='word_1_118' title='bbox 1201 1771 1292 1828; x_wconf 74' lang='lat' dir='ltr'><strong>liri.</strong></span> <span class='ocrx_word' id='word_1_119' title='bbox 1323 1782 1634 1845; x_wconf 84' lang='lat' dir='ltr'><strong>antepenult.</strong></span> <span class='ocrx_word' id='word_1_120' title='bbox 1660 1785 1816 1846; x_wconf 81' lang='grc' dir='ltr'><em>ῥονεΐσι·</em></span> <span class='ocrx_word' id='word_1_121' title='bbox 1850 1782 2039 1847; x_wconf 82' lang='lat' dir='ltr'><strong>quippe</strong></span> <span class='ocrx_word' id='word_1_122' title='bbox 2069 1783 2125 1831; x_wconf 91' lang='lat' dir='ltr'><strong>in</strong></span> <span class='ocrx_word' id='word_1_123' title='bbox 2156 1783 2305 1840; x_wconf 61' lang='lat' dir='ltr'><strong>mmor</strong></span> 
     </span>
     <span class='ocr_line' id='line_1_17' title="bbox 940 1867 2303 1933; baseline 0.004 -17"><span class='ocrx_word' id='word_1_124' title='bbox 940 1872 1166 1933; x_wconf 84' lang='lat' dir='ltr'><strong>primum</strong></span> <span class='ocrx_word' id='word_1_125' title='bbox 1183 1884 1199 1915; x_wconf 92' lang='lat'>1</span> <span class='ocrx_word' id='word_1_126' title='bbox 1218 1867 1400 1919; x_wconf 81' lang='lat' dir='ltr'><strong>habuit</strong></span> <span class='ocrx_word' id='word_1_127' title='bbox 1421 1885 1514 1932; x_wconf 89' lang='lat' dir='ltr'><strong>pro</strong></span> <span class='ocrx_word' id='word_1_128' title='bbox 1547 1886 1588 1916; x_wconf 85' lang='lat' dir='ltr'><strong>P.</strong></span> <span class='ocrx_word' id='word_1_129' title='bbox 1617 1869 2000 1931; x_wconf 87' lang='lat' dir='ltr'><strong>Ejusdemmodi</strong></span> <span class='ocrx_word' id='word_1_130' title='bbox 2032 1872 2303 1927; x_wconf 83' lang='lat' dir='ltr'><strong>innumera</strong></span> 
     </span>
     <span class='ocr_line' id='line_1_18' title="bbox 938 1956 2366 2024; baseline 0.004 -19"><span class='ocrx_word' id='word_1_131' title='bbox 938 1965 1071 2016; x_wconf 83' lang='lat' dir='ltr'><strong>sunt.</strong></span> <span class='ocrx_word' id='word_1_132' title='bbox 1093 1957 1295 2015; x_wconf 85' lang='lat' dir='ltr'><strong>Quibus</strong></span> <span class='ocrx_word' id='word_1_133' title='bbox 1319 1956 1470 2003; x_wconf 87' lang='lat' dir='ltr'><strong>rebus</strong></span> <span class='ocrx_word' id='word_1_134' title='bbox 1497 1957 1734 2011; x_wconf 85' lang='lat' dir='ltr'><strong>omnibus</strong></span> <span class='ocrx_word' id='word_1_135' title='bbox 1755 1958 1972 2008; x_wconf 87' lang='lat' dir='ltr'><strong>inducor</strong></span> <span class='ocrx_word' id='word_1_136' title='bbox 1990 1967 2047 2006; x_wconf 89' lang='lat' dir='ltr'><strong>ut</strong></span> <span class='ocrx_word' id='word_1_137' title='bbox 2087 1961 2309 2024; x_wconf 86' lang='lat' dir='ltr'><strong>credam,</strong></span> <span class='ocrx_word' id='word_1_138' title='bbox 2363 1977 2366 1980; x_wconf 81' lang='grc'><strong><em>’</em></strong></span> 
     </span>
     <span class='ocr_line' id='line_1_19' title="bbox 940 2042 2304 2111; baseline 0.005 -20"><span class='ocrx_word' id='word_1_139' title='bbox 940 2061 1050 2103; x_wconf 85' lang='lat' dir='ltr'><strong>saec.</strong></span> <span class='ocrx_word' id='word_1_140' title='bbox 1086 2042 1285 2091; x_wconf 87' lang='lat' dir='ltr'><strong>circiter</strong></span> <span class='ocrx_word' id='word_1_141' title='bbox 1317 2056 1421 2104; x_wconf 81' lang='lat' dir='ltr'><strong>vn,</strong></span> <span class='ocrx_word' id='word_1_142' title='bbox 1445 2049 1501 2092; x_wconf 86' lang='lat' dir='ltr'><strong>ut</strong></span> <span class='ocrx_word' id='word_1_143' title='bbox 1521 2044 1824 2108; x_wconf 78' lang='lat' dir='ltr'><strong>praescripsi,</strong></span> <span class='ocrx_word' id='word_1_144' title='bbox 1856 2043 2166 2111; x_wconf 82' lang='lat' dir='ltr'><strong>fortasseque</strong></span> <span class='ocrx_word' id='word_1_145' title='bbox 2185 2050 2304 2099; x_wconf 84' lang='lat' dir='ltr'><strong>satis</strong></span> 
     </span>
     <span class='ocr_line' id='line_1_20' title="bbox 937 2127 2306 2193; baseline 0.003 -12"><span class='ocrx_word' id='word_1_146' title='bbox 937 2132 1086 2187; x_wconf 85' lang='lat' dir='ltr'><strong>bonae</strong></span> <span class='ocrx_word' id='word_1_147' title='bbox 1122 2137 1254 2180; x_wconf 78' lang='lat' dir='ltr'><strong>notae</strong></span> <span class='ocrx_word' id='word_1_148' title='bbox 1293 2127 1450 2176; x_wconf 81' lang='lat' dir='ltr'><strong>fuisse</strong></span> <span class='ocrx_word' id='word_1_149' title='bbox 1478 2130 1629 2184; x_wconf 83' lang='lat' dir='ltr'><strong>illum</strong></span> <span class='ocrx_word' id='word_1_150' title='bbox 1667 2131 1923 2193; x_wconf 82' lang='lat' dir='ltr'><strong>codicem,</strong></span> <span class='ocrx_word' id='word_1_151' title='bbox 1961 2133 2098 2182; x_wconf 85' lang='lat' dir='ltr'><strong>unde</strong></span> <span class='ocrx_word' id='word_1_152' title='bbox 2133 2146 2306 2191; x_wconf 75' lang='lat' dir='ltr'><strong>noster</strong></span> 
     </span>
     <span class='ocr_line' id='line_1_21' title="bbox 935 2215 2303 2287; baseline 0.005 -21"><span class='ocrx_word' id='word_1_153' title='bbox 935 2218 1181 2276; x_wconf 78' lang='lat' dir='ltr'><strong>manavit.</strong></span> <span class='ocrx_word' id='word_1_154' title='bbox 1220 2215 1401 2264; x_wconf 87' lang='lat' dir='ltr'><strong>Nostri</strong></span> <span class='ocrx_word' id='word_1_155' title='bbox 1443 2224 1612 2270; x_wconf 82' lang='lat' dir='ltr'><strong>autem</strong></span> <span class='ocrx_word' id='word_1_156' title='bbox 1648 2219 1832 2269; x_wconf 86' lang='lat' dir='ltr'><strong>menda</strong></span> <span class='ocrx_word' id='word_1_157' title='bbox 1865 2221 2075 2271; x_wconf 80' lang='lat' dir='ltr'><strong>Graecus</strong></span> <span class='ocrx_word' id='word_1_158' title='bbox 2118 2222 2303 2287; x_wconf 85' lang='lat' dir='ltr'><strong>aliquis</strong></span> 
     </span>
     <span class='ocr_line' id='line_1_22' title="bbox 937 2298 2301 2377; baseline 0.001 -18"><span class='ocrx_word' id='word_1_159' title='bbox 937 2305 1109 2358; x_wconf 81' lang='lat' dir='ltr'><strong>saeculi</strong></span> <span class='ocrx_word' id='word_1_160' title='bbox 1138 2318 1241 2352; x_wconf 82' lang='lat' dir='ltr'><strong>xvt</strong></span> <span class='ocrx_word' id='word_1_161' title='bbox 1281 2303 1364 2353; x_wconf 89' lang='lat' dir='ltr'><strong>vel</strong></span> <span class='ocrx_word' id='word_1_162' title='bbox 1409 2320 1534 2353; x_wconf 81' lang='lat' dir='ltr'><strong>xvn</strong></span> <span class='ocrx_word' id='word_1_163' title='bbox 1563 2298 1650 2371; x_wconf 78' lang='lat' dir='ltr'><strong>(ut</strong></span> <span class='ocrx_word' id='word_1_164' title='bbox 1693 2324 1759 2359; x_wconf 74' lang='lat' dir='ltr'><strong>ex</strong></span> <span class='ocrx_word' id='word_1_165' title='bbox 1804 2309 2052 2374; x_wconf 83' lang='lat' dir='ltr'><strong>scriptura</strong></span> <span class='ocrx_word' id='word_1_166' title='bbox 2092 2311 2301 2377; x_wconf 89' lang='lat' dir='ltr'><strong>colligo)</strong></span> 
     </span>
     <span class='ocr_line' id='line_1_23' title="bbox 936 2394 2298 2463; baseline 0.004 -19"><span class='ocrx_word' id='word_1_167' title='bbox 936 2394 1185 2458; x_wconf 76' lang='lat' dir='ltr'><strong>corrigere</strong></span> <span class='ocrx_word' id='word_1_168' title='bbox 1205 2399 1279 2444; x_wconf 84' lang='lat' dir='ltr'><strong>est</strong></span> <span class='ocrx_word' id='word_1_169' title='bbox 1298 2401 1506 2455; x_wconf 83' lang='lat' dir='ltr'><strong>conatus</strong></span> <span class='ocrx_word' id='word_1_170' title='bbox 1525 2406 1536 2442; x_wconf 73' lang='grc' dir='ltr'><strong>ὲ</strong></span> <span class='ocrx_word' id='word_1_171' title='bbox 1553 2396 1882 2459; x_wconf 86' lang='lat' dir='ltr'><strong>probabiliter</strong></span> <span class='ocrx_word' id='word_1_172' title='bbox 1898 2414 2269 2463; x_wconf 88' lang='lat' dir='ltr'><strong>nonnunquam</strong></span> <span class='ocrx_word' id='word_1_173' title='bbox 2283 2436 2298 2461; x_wconf 83' lang='lat'>‚</span> 
     </span>
     <span class='ocr_line' id='line_1_24' title="bbox 936 2468 2301 2552; baseline 0.002 -19"><span class='ocrx_word' id='word_1_174' title='bbox 936 2482 1022 2534; x_wconf 90' lang='lat' dir='ltr'><strong>sed</strong></span> <span class='ocrx_word' id='word_1_175' title='bbox 1047 2468 1724 2551; x_wconf 78' lang='lat' dir='ltr'><strong>plerumqueinfelicissime</strong></span> <span class='ocrx_word' id='word_1_176' title='bbox 1750 2501 1760 2532; x_wconf 74' lang='grc' dir='ltr'>ε</span> <span class='ocrx_word' id='word_1_177' title='bbox 1797 2502 1855 2536; x_wconf 88' lang='lat' dir='ltr'><strong>ea</strong></span> <span class='ocrx_word' id='word_1_178' title='bbox 1887 2503 2068 2535; x_wconf 88' lang='lat' dir='ltr'><strong>manus</strong></span> <span class='ocrx_word' id='word_1_179' title='bbox 2094 2488 2183 2536; x_wconf 85' lang='lat' dir='ltr'><strong>illa</strong></span> <span class='ocrx_word' id='word_1_180' title='bbox 2202 2496 2301 2552; x_wconf 88' lang='lat' dir='ltr'><strong>est,</strong></span> 
     </span>
     <span class='ocr_line' id='line_1_25' title="bbox 934 2569 2299 2645; baseline 0.005 -25"><span class='ocrx_word' id='word_1_181' title='bbox 934 2590 1047 2645; x_wconf 74' lang='lat' dir='ltr'><strong>quae</strong></span> <span class='ocrx_word' id='word_1_182' title='bbox 1069 2573 1124 2623; x_wconf 87' lang='lat' dir='ltr'><strong>in</strong></span> <span class='ocrx_word' id='word_1_183' title='bbox 1144 2571 1279 2620; x_wconf 89' lang='lat' dir='ltr'><strong>notis</strong></span> <span class='ocrx_word' id='word_1_184' title='bbox 1301 2569 1535 2624; x_wconf 85' lang='lat' dir='ltr'><strong>editionis</strong></span> <span class='ocrx_word' id='word_1_185' title='bbox 1557 2580 1668 2639; x_wconf 74' lang='lat' dir='ltr'><strong>pa‘g.</strong></span> <span class='ocrx_word' id='word_1_186' title='bbox 1694 2574 1739 2622; x_wconf 90' lang='lat'><strong>8.</strong></span> <span class='ocrx_word' id='word_1_187' title='bbox 1766 2573 1842 2623; x_wconf 87' lang='lat'><strong>18.</strong></span> <span class='ocrx_word' id='word_1_188' title='bbox 1859 2574 1937 2624; x_wconf 78' lang='lat'><strong>25.</strong></span> <span class='ocrx_word' id='word_1_189' title='bbox 1953 2591 2031 2640; x_wconf 91' lang='lat'><strong>97.</strong></span> <span class='ocrx_word' id='word_1_190' title='bbox 2055 2577 2164 2628; x_wconf 80' lang='lat'>114.</span> <span class='ocrx_word' id='word_1_191' title='bbox 2187 2577 2299 2627; x_wconf 78' lang='lat'>154.</span> 
     </span>
     <span class='ocr_line' id='line_1_26' title="bbox 939 2660 2301 2732; baseline 0.002 -19"><span class='ocrx_word' id='word_1_192' title='bbox 939 2661 1048 2713; x_wconf 79' lang='lat'><strong>156.</strong></span> <span class='ocrx_word' id='word_1_193' title='bbox 1085 2662 1194 2732; x_wconf 82' lang='lat'><strong>194.</strong></span> <span class='ocrx_word' id='word_1_194' title='bbox 1219 2676 1330 2714; x_wconf 81' lang='lat'><strong>202.</strong></span> <span class='ocrx_word' id='word_1_195' title='bbox 1365 2660 1478 2710; x_wconf 80' lang='lat'><strong>246.</strong></span> <span class='ocrx_word' id='word_1_196' title='bbox 1512 2661 1623 2712; x_wconf 82' lang='lat'><strong>254.</strong></span> <span class='ocrx_word' id='word_1_197' title='bbox 1648 2661 1759 2716; x_wconf 81' lang='lat'><strong>258.</strong></span> <span class='ocrx_word' id='word_1_198' title='bbox 1786 2663 2041 2717; x_wconf 85' lang='lat' dir='ltr'><strong>recentior</strong></span> <span class='ocrx_word' id='word_1_199' title='bbox 2067 2667 2301 2719; x_wconf 78' lang='lat' dir='ltr'><strong>nomina-.-</strong></span> 
     </span>
     <span class='ocr_line' id='line_1_27' title="bbox 932 2749 2289 2819; baseline 0.004 -20"><span class='ocrx_word' id='word_1_200' title='bbox 932 2758 1032 2799; x_wconf 84' lang='lat' dir='ltr'><strong>tur.</strong></span> <span class='ocrx_word' id='word_1_201' title='bbox 1070 2749 1260 2805; x_wconf 80' lang='lat' dir='ltr'><strong>Eadem</strong></span> <span class='ocrx_word' id='word_1_202' title='bbox 1288 2751 1343 2807; x_wconf 86' lang='lat' dir='ltr'><strong>in</strong></span> <span class='ocrx_word' id='word_1_203' title='bbox 1370 2757 1476 2799; x_wconf 89' lang='lat' dir='ltr'><strong>toto</strong></span> <span class='ocrx_word' id='word_1_204' title='bbox 1500 2749 1632 2801; x_wconf 88' lang='lat' dir='ltr'><strong>libro</strong></span> <span class='ocrx_word' id='word_1_205' title='bbox 1658 2750 1719 2799; x_wconf 88' lang='lat' dir='ltr'><strong>de</strong></span> <span class='ocrx_word' id='word_1_206' title='bbox 1743 2752 2118 2819; x_wconf 76' lang='lat' dir='ltr'><strong>Magistratibus</strong></span> <span class='ocrx_word' id='word_1_207' title='bbox 2149 2754 2289 2819; x_wconf 84' lang='lat' dir='ltr'><strong>(nam</strong></span> 
     </span>
    </p>
   </div>
  </div>
 </body>
</html>
