2748 3834
533 537 907 572 nmrurmcsz
941 535 1213 568 nomana
1246 536 1356 569 mn.
1392 537 1476 570 111.
1609 522 1704 590 ¹59

326 625 412 665 tur
439 614 721 678 mancipes,
749 610 843 677 qui
873 607 1130 675 plebejum
1163 623 1219 656 ac
1252 609 1484 662 servilem
1515 628 1702 679 punem

325 690 632 751 conficiunt;
654 689 753 740 sub
775 687 967 755 quibus
987 687 1224 754 pistores,
1242 696 1293 736 et
1318 689 1412 754 qui
1437 692 1703 743 communi

329 772 540 821 nomine
582 769 790 835 collegia
838 765 1166 816 rationalium
1212 765 1536 834 adpellantur
1555 804 1571 828 ,
1608 770 1703 836 qui

329 850 574 900 omnibus
610 863 942 915 quocumque
971 845 1126 896 modo
1159 846 1298 895 victu
1333 845 1546 914 publico
1582 864 1703 915 gau-v

327 928 568 977 dentibus
594 942 801 993 operam
836 924 974 974 dant.
1008 927 1070 973 Et
1099 925 1313 983 Romani
1344 924 1554 991 quidem
1590 926 1704 978 illos

327 1005 598 1055 rationales
645 1014 829 1053 vocant
847 1041 861 1064 ‚
906 1004 1028 1069 quia
1071 1004 1478 1070 computationes
1520 1021 1701 1055 eorum

326 1099 559 1134 sermone
590 1083 811 1131 rationes
838 1081 1087 1130 dicuntur
1109 1103 1122 1142 3
1150 1083 1308 1132 Grae'ci
1332 1097 1478 1143 vero,
1502 1093 1701 1134 mutato

326 1162 538 1210 nomine
558 1198 572 1222 ,
609 1160 882 1210 catholicos
905 1160 1110 1229 dixere,
1144 1161 1284 1228 quod
1315 1162 1370 1210 in
1402 1162 1699 1213 universum

291 1280 293 1283 .
325 1239 547 1306 publicis
592 1238 878 1294 rationibus
917 1250 1108 1289 vacant.
1159 1243 1458 1306 Sequuntur
1493 1241 1701 1301 sitense,

326 1334 457 1384 quos
471 1318 645 1366 Victor
660 1317 954 1378 historicus,
986 1319 1040 1366 in
1066 1318 1275 1368 historia
1300 1321 1571 1379 Caesarum,
1596 1318 1700 1367 fru-

328 1397 605 1446 mentarios
641 1396 766 1446 olim
803 1396 1078 1463 adpellatos
1111 1414 1214 1447 esse
1242 1399 1415 1462 *novit3
1451 1400 1699 1465 quoniam

327 1475 501 1542 palatii
532 1493 748 1525 annonae
771 1476 895 1526 olim
930 1488 1190 1543 praeerant.
1218 1476 1394 1528 Rufini
1418 1488 1589 1527 autem
1626 1487 1700 1539 ty-

329 1554 544 1603 rannide
577 1564 702 1604 tunc
726 1556 1032 1623 praecipitata
1057 1555 1351 1622 praefectura
1374 1557 1620 1624 prae‘torii,
1652 1566 1703 1605 et

328 1633 424 1698 ipsi
448 1635 655 1700 periere.
683 1636 925 1683 Postremi
950 1637 1217 1698 omnium,
1247 1637 1352 1702 qui·
1370 1635 1493 1684 olim
1519 1635 1702 1704 primi,

329 1712 527 1777 quippe*
541 1714 635 1778 qui
655 1710 887 1778 'magistri
910 1714 1144 1779 equitum
1172 1715 1515 1763 ministerium
1540 1711 1702 1773 ‚initio

329 1790 697 1856 compleverint
708 1828 721 1851 ,
737 1791 999 1840 ducena-rii
1015 1828 1028 1852 ,
1043 1789 1264 1853 marchi,
1278 1793 1579 1851 centenarii,
1598 1793 1702 1841 sive

330 1871 699 1930 centuriones3
745 1887 970 1936 quorum
1004 1872 1245 1920 omnium
1278 1875 1446 1920 Graeca
1490 1872 1702 1920 nomina.

328 1962 482 2013 supra
514 1947 798 1996 retulimus.
839 1947 1076 1996 Militasse
1105 1965 1226 1996 vero
1267 1965 1351 1996 eos
1386 1936 1439 1996 in
1477 1948 1702 2015 magistri

299 2060 301 2062 -
329 2026 566 2089 equitum
597 2024 794 2083 officio,
828 2035 1056 2090 arguunt
1088 2043 1201 2089 quae
1235 2041 1390 2091 super
1416 2027 1477 2073 iis
1501 2043 1561 2073 ex
1588 2026 1706 2074 aula

326 2100 664 2169 proferuntur
680 2103 735 2149 in
754 2101 1024 2161 codicillis,
1051 2103 1105 2150 in
1123 2101 1394 2168 quibusde
1419 2102 1709 2151 honoribus
1748 2104 1753 2111 ’

329 2180 664 2246 qui-busdam,
692 2198 860 2247 neque
880 2181 943 2230 de
970 2182 1096 2246 ipsis¹
1111 2183 1293 2246 agitur.

400 2257 445 2304 8.
483 2258 622 2305 Tales
642 2267 820 2323 totque
837 2268 1005 2324 partes
1022 2258 1364 2322 catalogorum
1388 2256 1560 2306 officii.
1579 2259 1704 2316 Nam

307 2350 311 2352 ·
334 2350 560 2384 cursores
586 2335 668 2400 (id
690 2346 787 2401 est,
805 2339 1076 2402 ταχυὸρόμοι)
1112 2335 1270 2382 finem
1295 2334 1487 2382 militiae
1509 2335 1563 2381 in
1589 2334 1706 2382 aula

332 2415 595 2479 reperiunt
611 2414 1063 2480 :adplicitariivero
1075 2424 1124 2462 et
1139 2413 1466 2472 clavicularii,
1482 2428 1706 2478 quorum

333 2491 408 2538 illi
423 2491 621 2540 lictores
638 2502 838 2540 tantum
850 2510 959 2541 reos
973 2491 1268 2541 vinciendos
1279 2490 1708 2556 comprehenden-

331 2579 428 2629 tes,
451 2569 505 2616 hi
535 2580 706 2618 autem
729 2571 933 2620 vincula
959 2571 1138 2620 iisdem
1159 2570 1531 2618 circumdantes
1554 2571 1706 2637 signi·

333 2645 510 2708 ficant,
525 2665 800 2698 munerum
814 2687 833 2711 ,s
850 2668 962 2716 quae
977 2667 1154 2699 eorum
1173 2650 1382 2698 nomine
1397 2648 1707 2708 indicantur,

388 2775 436 2825 5)
462 2775 508 2814 ὧν
516 2778 895 2833 -προαποὸεὸὡκαμεν.
915 2779 1079 2820 Scilicet
1092 2779 1138 2818 in
1155 2778 1226 2830 iis,
1254 2792 1344 2831 quae
1365 2778 1581 2820 desiderari
1606 2777 1709 2818 dixi-

335 2854 427 2881 mus
445 2854 480 2889 1,
515 2842 581 2890 48.

388 2906 438 2954 6)
468 2904 578 2961 Lego
595 2907 631 2947 ἐν
649 2905 876 2953 κωδικιἍλοις.
935 2909 979 2960 7)
1008 2908 1119 2962 Lego
1145 2909 1382 2960 λειτουργιῶν.
