<?xml version="1.0" encoding="UTF-8"?>
<!DOCTYPE html PUBLIC "-//W3C//DTD XHTML 1.0 Transitional//EN"
    "http://www.w3.org/TR/xhtml1/DTD/xhtml1-transitional.dtd">
<html xmlns="http://www.w3.org/1999/xhtml" xml:lang="en" lang="en">
 <head>
  <title>
</title>
<meta http-equiv="Content-Type" content="text/html;charset=utf-8" />
  <meta name='ocr-system' content='tesseract 3.04.00' />
  <meta name='ocr-capabilities' content='ocr_page ocr_carea ocr_par ocr_line ocrx_word'/>
</head>
<body>
  <div class='ocr_page' id='page_1' title='image "./demagistratibusr00lyduuoft_0213.png"; bbox 0 0 2748 3834; ppageno 0'>
   <div class='ocr_carea' id='block_1_1' title="bbox 586 523 1743 559">
    <p class='ocr_par' dir='ltr' id='par_1_1' title="bbox 586 523 1743 559">
     <span class='ocr_line' id='line_1_1' title="bbox 586 523 1743 559; baseline 0 -1"><span class='ocrx_word' id='word_1_1' title='bbox 586 524 971 558; x_wconf 79' lang='lat' dir='ltr'>REIPUBLICAE</span> <span class='ocrx_word' id='word_1_2' title='bbox 1005 523 1276 555; x_wconf 75' lang='lat' dir='ltr'>ROMANAE</span> <span class='ocrx_word' id='word_1_3' title='bbox 1309 524 1416 557; x_wconf 78' lang='lat' dir='ltr'><strong>Lm.</strong></span> <span class='ocrx_word' id='word_1_4' title='bbox 1453 526 1510 557; x_wconf 81' lang='lat'><strong>11.</strong></span> <span class='ocrx_word' id='word_1_5' title='bbox 1657 524 1743 559; x_wconf 76' lang='lat'><strong>111</strong></span> 
     </span>
    </p>
   </div>
   <div class='ocr_carea' id='block_1_2' title="bbox 373 597 1825 1997">
    <p class='ocr_par' dir='ltr' id='par_1_2' title="bbox 373 597 1825 1997">
     <span class='ocr_line' id='line_1_2' title="bbox 447 597 1747 659; baseline 0.001 -12"><span class='ocrx_word' id='word_1_6' title='bbox 447 615 521 647; x_wconf 91' lang='lat' dir='ltr'><strong>1o.</strong></span> <span class='ocrx_word' id='word_1_7' title='bbox 547 598 642 647; x_wconf 88' lang='lat' dir='ltr'><strong>Sed</strong></span> <span class='ocrx_word' id='word_1_8' title='bbox 657 600 794 644; x_wconf 85' lang='lat' dir='ltr'><strong>enim</strong></span> <span class='ocrx_word' id='word_1_9' title='bbox 814 598 1022 650; x_wconf 79' lang='lat' dir='ltr'><strong>initium</strong></span> <span class='ocrx_word' id='word_1_10' title='bbox 1042 601 1359 659; x_wconf 67' lang='lat' dir='ltr'><strong>quacunque</strong></span> <span class='ocrx_word' id='word_1_11' title='bbox 1371 599 1573 659; x_wconf 85' lang='lat' dir='ltr'><strong>sortita,</strong></span> <span class='ocrx_word' id='word_1_12' title='bbox 1589 597 1747 650; x_wconf 80' lang='lat' dir='ltr'><strong>finem</strong></span> 
     </span>
     <span class='ocr_line' id='line_1_3' title="bbox 373 673 1750 739; baseline -0.002 -16"><span class='ocrx_word' id='word_1_13' title='bbox 373 676 590 734; x_wconf 89' lang='lat' dir='ltr'><strong>habent,</strong></span> <span class='ocrx_word' id='word_1_14' title='bbox 628 682 687 722; x_wconf 88' lang='lat' dir='ltr'><strong>ut</strong></span> <span class='ocrx_word' id='word_1_15' title='bbox 708 673 779 721; x_wconf 89' lang='lat' dir='ltr'><strong>ait</strong></span> <span class='ocrx_word' id='word_1_16' title='bbox 799 680 960 739; x_wconf 80' lang='lat' dir='ltr'><strong>poeta.</strong></span> <span class='ocrx_word' id='word_1_17' title='bbox 989 673 1319 736; x_wconf 81' lang='lat' dir='ltr'><strong>Posteaquam</strong></span> <span class='ocrx_word' id='word_1_18' title='bbox 1345 673 1485 721; x_wconf 90' lang='lat' dir='ltr'><strong>enim</strong></span> <span class='ocrx_word' id='word_1_19' title='bbox 1510 677 1750 729; x_wconf 66' lang='lat' dir='ltr'><strong>Consum.</strong></span> 
     </span>
     <span class='ocr_line' id='line_1_4' title="bbox 375 749 1751 819; baseline -0.007 -15"><span class='ocrx_word' id='word_1_20' title='bbox 375 757 517 803; x_wconf 88' lang='lat' dir='ltr'><strong>tinus</strong></span> <span class='ocrx_word' id='word_1_21' title='bbox 549 769 668 807; x_wconf 88' lang='lat' dir='ltr'><strong>cum</strong></span> <span class='ocrx_word' id='word_1_22' title='bbox 702 750 909 800; x_wconf 84' lang='lat' dir='ltr'><strong>fortuna</strong></span> <span class='ocrx_word' id='word_1_23' title='bbox 942 753 1152 798; x_wconf 85' lang='lat' dir='ltr'>Romam</span> <span class='ocrx_word' id='word_1_24' title='bbox 1184 749 1392 817; x_wconf 89' lang='lat' dir='ltr'><strong>reliquit</strong></span> <span class='ocrx_word' id='word_1_25' title='bbox 1413 788 1426 813; x_wconf 93' lang='lat'><strong><em>,</em></strong></span> <span class='ocrx_word' id='word_1_26' title='bbox 1464 762 1619 819; x_wconf 78' lang='lat' dir='ltr'><strong>atque</strong></span> <span class='ocrx_word' id='word_1_27' title='bbox 1642 766 1751 805; x_wconf 75' lang='lat' dir='ltr'><strong>om.</strong></span> 
     </span>
     <span class='ocr_line' id='line_1_5' title="bbox 376 827 1749 899; baseline 0.001 -17"><span class='ocrx_word' id='word_1_28' title='bbox 376 850 492 894; x_wconf 86' lang='lat' dir='ltr'><strong>nes,</strong></span> <span class='ocrx_word' id='word_1_29' title='bbox 513 850 625 899; x_wconf 84' lang='lat' dir='ltr'><strong>quae</strong></span> <span class='ocrx_word' id='word_1_30' title='bbox 646 834 832 879; x_wconf 86' lang='lat' dir='ltr'><strong>Istrum</strong></span> <span class='ocrx_word' id='word_1_31' title='bbox 859 827 1203 877; x_wconf 82' lang='lat' dir='ltr'><strong>custodierant</strong></span> <span class='ocrx_word' id='word_1_32' title='bbox 1232 830 1414 896; x_wconf 84' lang='lat' dir='ltr'><strong>copiae,</strong></span> <span class='ocrx_word' id='word_1_33' title='bbox 1442 830 1643 882; x_wconf 89' lang='lat' dir='ltr'><strong>decreto</strong></span> <span class='ocrx_word' id='word_1_34' title='bbox 1656 834 1749 884; x_wconf 88' lang='lat' dir='ltr'><strong>im·</strong></span> 
     </span>
     <span class='ocr_line' id='line_1_6' title="bbox 375 900 1747 979; baseline 0.001 -19"><span class='ocrx_word' id='word_1_35' title='bbox 375 913 620 979; x_wconf 76' lang='lat' dir='ltr'><strong>perator-is</strong></span> <span class='ocrx_word' id='word_1_36' title='bbox 642 925 736 976; x_wconf 87' lang='lat' dir='ltr'><strong>per</strong></span> <span class='ocrx_word' id='word_1_37' title='bbox 753 907 920 956; x_wconf 83' lang='lat' dir='ltr'>Asiam</span> <span class='ocrx_word' id='word_1_38' title='bbox 942 905 1233 955; x_wconf 85' lang='lat' dir='ltr'><strong>inferiorem</strong></span> <span class='ocrx_word' id='word_1_39' title='bbox 1253 900 1577 974; x_wconf 80' lang='lat' dir='ltr'><strong>sparsoe&#39;sunt</strong></span> <span class='ocrx_word' id='word_1_40' title='bbox 1599 929 1609 959; x_wconf 72' lang='grc' dir='ltr'><strong><em>ε</em></strong></span> <span class='ocrx_word' id='word_1_41' title='bbox 1635 916 1747 976; x_wconf 80' lang='lat' dir='ltr'><strong>Scy·</strong></span> 
     </span>
     <span class='ocr_line' id='line_1_7' title="bbox 375 985 1747 1054; baseline 0.001 -15"><span class='ocrx_word' id='word_1_42' title='bbox 375 991 536 1039; x_wconf 84' lang='lat' dir='ltr'>thiam</span> <span class='ocrx_word' id='word_1_43' title='bbox 563 989 880 1054; x_wconf 86' lang='lat' dir='ltr'><strong>Mysiamque</strong></span> <span class='ocrx_word' id='word_1_44' title='bbox 911 995 961 1034; x_wconf 87' lang='lat' dir='ltr'><strong>et</strong></span> <span class='ocrx_word' id='word_1_45' title='bbox 992 985 1195 1034; x_wconf 87' lang='lat' dir='ltr'><strong>illarum</strong></span> <span class='ocrx_word' id='word_1_46' title='bbox 1220 986 1479 1053; x_wconf 83' lang='lat' dir='ltr'><strong>vectigalia</strong></span> <span class='ocrx_word' id='word_1_47' title='bbox 1515 992 1747 1041; x_wconf 66' lang='lat' dir='ltr'><strong>aerarium</strong></span> 
     </span>
     <span class='ocr_line' id='line_1_8' title="bbox 373 1064 1750 1131; baseline 0.001 -15"><span class='ocrx_word' id='word_1_48' title='bbox 373 1069 568 1128; x_wconf 86' lang='lat' dir='ltr'><strong>amisit,</strong></span> <span class='ocrx_word' id='word_1_49' title='bbox 604 1065 860 1124; x_wconf 77' lang='lat' dir='ltr'><strong>barbariS‚</strong></span> <span class='ocrx_word' id='word_1_50' title='bbox 902 1065 994 1131; x_wconf 88' lang='lat' dir='ltr'><strong>qui</strong></span> <span class='ocrx_word' id='word_1_51' title='bbox 1037 1064 1171 1112; x_wconf 88' lang='lat' dir='ltr'><strong>ultra</strong></span> <span class='ocrx_word' id='word_1_52' title='bbox 1202 1068 1387 1114; x_wconf 85' lang='lat' dir='ltr'><strong>Istrum</strong></span> <span class='ocrx_word' id='word_1_53' title='bbox 1422 1065 1750 1131; x_wconf 87' lang='lat' dir='ltr'><strong>babitabant,</strong></span> 
     </span>
     <span class='ocr_line' id='line_1_9' title="bbox 373 1144 1825 1213; baseline 0.001 -18"><span class='ocrx_word' id='word_1_54' title='bbox 373 1149 629 1212; x_wconf 84' lang='lat' dir='ltr'>Europam</span> <span class='ocrx_word' id='word_1_55' title='bbox 656 1181 669 1205; x_wconf 91' lang='lat'>‚</span> <span class='ocrx_word' id='word_1_56' title='bbox 721 1144 926 1192; x_wconf 90' lang='lat' dir='ltr'><strong>nemine</strong></span> <span class='ocrx_word' id='word_1_57' title='bbox 978 1144 1239 1193; x_wconf 85' lang='lat' dir='ltr'><strong>resistente</strong></span> <span class='ocrx_word' id='word_1_58' title='bbox 1260 1181 1274 1205; x_wconf 92' lang='lat'><strong>,</strong></span> <span class='ocrx_word' id='word_1_59' title='bbox 1331 1145 1710 1198; x_wconf 75' lang='lat' dir='ltr'><strong>incursantibus</strong></span> <span class='ocrx_word' id='word_1_60' title='bbox 1735 1167 1752 1196; x_wconf 74' lang='grc' dir='ltr'><strong>ε.</strong></span> <span class='ocrx_word' id='word_1_61' title='bbox 1821 1210 1825 1213; x_wconf 11' lang='grc' dir='ltr'><strong><em>γ</em></strong></span> 
     </span>
     <span class='ocr_line' id='line_1_10' title="bbox 374 1220 1747 1290; baseline 0.001 -15"><span class='ocrx_word' id='word_1_62' title='bbox 374 1227 597 1278; x_wconf 81' lang='lat' dir='ltr'><strong>orientis</strong></span> <span class='ocrx_word' id='word_1_63' title='bbox 606 1234 776 1273; x_wconf 89' lang='lat' dir='ltr'><strong>autem</strong></span> <span class='ocrx_word' id='word_1_64' title='bbox 791 1223 1020 1290; x_wconf 86' lang='lat' dir='ltr'><strong>populis,</strong></span> <span class='ocrx_word' id='word_1_65' title='bbox 1036 1220 1211 1272; x_wconf 82' lang='lat' dir='ltr'><strong>contra</strong></span> <span class='ocrx_word' id='word_1_66' title='bbox 1229 1226 1506 1290; x_wconf 80' lang='lat' dir='ltr'><strong>pristinum</strong></span> <span class='ocrx_word' id='word_1_67' title='bbox 1524 1243 1718 1278; x_wconf 88' lang='lat' dir='ltr'><strong>morem</strong></span> <span class='ocrx_word' id='word_1_68' title='bbox 1733 1264 1747 1288; x_wconf 91' lang='lat'>,</span> 
     </span>
     <span class='ocr_line' id='line_1_11' title="bbox 375 1302 1746 1367; baseline 0.001 -14"><span class='ocrx_word' id='word_1_69' title='bbox 375 1304 581 1354; x_wconf 89' lang='lat' dir='ltr'><strong>tributis</strong></span> <span class='ocrx_word' id='word_1_70' title='bbox 604 1303 743 1352; x_wconf 91' lang='lat' dir='ltr'><strong>haud</strong></span> <span class='ocrx_word' id='word_1_71' title='bbox 764 1302 1108 1351; x_wconf 88' lang='lat' dir='ltr'><strong>mediocribus</strong></span> <span class='ocrx_word' id='word_1_72' title='bbox 1126 1304 1373 1365; x_wconf 87' lang='lat' dir='ltr'><strong>oneratis,</strong></span> <span class='ocrx_word' id='word_1_73' title='bbox 1401 1321 1597 1359; x_wconf 86' lang='lat' dir='ltr'><strong>necesse</strong></span> <span class='ocrx_word' id='word_1_74' title='bbox 1620 1305 1746 1367; x_wconf 82' lang='lat' dir='ltr'><strong>fuit,</strong></span> 
     </span>
     <span class='ocr_line' id='line_1_12' title="bbox 374 1381 1747 1451; baseline 0.001 -20"><span class='ocrx_word' id='word_1_75' title='bbox 374 1382 666 1451; x_wconf 78' lang='lat' dir='ltr'><strong>praefectum</strong></span> <span class='ocrx_word' id='word_1_76' title='bbox 690 1383 925 1449; x_wconf 81' lang='lat' dir='ltr'><strong>praetorio</strong></span> <span class='ocrx_word' id='word_1_77' title='bbox 947 1382 1072 1431; x_wconf 87' lang='lat' dir='ltr'><strong>aulae</strong></span> <span class='ocrx_word' id='word_1_78' title='bbox 1095 1392 1145 1431; x_wconf 88' lang='lat' dir='ltr'><strong>et</strong></span> <span class='ocrx_word' id='word_1_79' title='bbox 1171 1383 1331 1449; x_wconf 89' lang='lat' dir='ltr'><strong>copiis</strong></span> <span class='ocrx_word' id='word_1_80' title='bbox 1342 1419 1365 1444; x_wconf 77' lang='lat'><strong>‚,</strong></span> <span class='ocrx_word' id='word_1_81' title='bbox 1384 1381 1632 1450; x_wconf 88' lang='lat' dir='ltr'><strong>(quarum</strong></span> <span class='ocrx_word' id='word_1_82' title='bbox 1661 1384 1747 1434; x_wconf 91' lang='lat' dir='ltr'><strong>illa</strong></span> 
     </span>
     <span class='ocr_line' id='line_1_13' title="bbox 375 1460 1747 1530; baseline 0.002 -21"><span class='ocrx_word' id='word_1_83' title='bbox 375 1463 613 1527; x_wconf 89' lang='lat' dir='ltr'><strong>magistro</strong></span> <span class='ocrx_word' id='word_1_84' title='bbox 632 1498 644 1521; x_wconf 95' lang='lat'>,</span> <span class='ocrx_word' id='word_1_85' title='bbox 665 1478 820 1527; x_wconf 91' lang='lat' dir='ltr'><strong>quem</strong></span> <span class='ocrx_word' id='word_1_86' title='bbox 841 1471 1020 1509; x_wconf 84' lang='lat' dir='ltr'><strong>vocant</strong></span> <span class='ocrx_word' id='word_1_87' title='bbox 1037 1497 1051 1520; x_wconf 91' lang='lat'>,</span> <span class='ocrx_word' id='word_1_88' title='bbox 1084 1460 1160 1509; x_wconf 78' lang='lat' dir='ltr'><strong>hae</strong></span> <span class='ocrx_word' id='word_1_89' title='bbox 1183 1462 1409 1528; x_wconf 76' lang='lat' dir='ltr'><strong>strategis</strong></span> <span class='ocrx_word' id='word_1_90' title='bbox 1426 1478 1594 1530; x_wconf 85' lang='lat' dir='ltr'><strong>nuper</strong></span> <span class='ocrx_word' id='word_1_91' title='bbox 1617 1479 1747 1512; x_wconf 89' lang='lat' dir='ltr'><strong>crea-</strong></span> 
     </span>
     <span class='ocr_line' id='line_1_14' title="bbox 376 1539 1748 1607; baseline 0.004 -20"><span class='ocrx_word' id='word_1_92' title='bbox 376 1542 441 1588; x_wconf 89' lang='lat' dir='ltr'><strong>tis</strong></span> <span class='ocrx_word' id='word_1_93' title='bbox 465 1540 716 1605; x_wconf 84' lang='lat' dir='ltr'><strong>traditae,)</strong></span> <span class='ocrx_word' id='word_1_94' title='bbox 741 1557 847 1588; x_wconf 92' lang='lat' dir='ltr'><strong>non</strong></span> <span class='ocrx_word' id='word_1_95' title='bbox 869 1539 1089 1606; x_wconf 89' lang='lat' dir='ltr'><strong>amplius</strong></span> <span class='ocrx_word' id='word_1_96' title='bbox 1114 1557 1319 1607; x_wconf 81' lang='lat' dir='ltr'><strong>praeesse</strong></span> <span class='ocrx_word' id='word_1_97' title='bbox 1334 1577 1348 1601; x_wconf 93' lang='lat'>‚</span> <span class='ocrx_word' id='word_1_98' title='bbox 1377 1541 1464 1590; x_wconf 90' lang='lat' dir='ltr'><strong>sed</strong></span> <span class='ocrx_word' id='word_1_99' title='bbox 1487 1544 1748 1593; x_wconf 85' lang='lat' dir='ltr'><strong>Orientem</strong></span> 
     </span>
     <span class='ocr_line' id='line_1_15' title="bbox 377 1611 1748 1686; baseline 0.003 -17"><span class='ocrx_word' id='word_1_100' title='bbox 377 1638 495 1669; x_wconf 88' lang='lat' dir='ltr'><strong>cum</strong></span> <span class='ocrx_word' id='word_1_101' title='bbox 529 1622 641 1669; x_wconf 88' lang='lat' dir='ltr'><strong>Asia</strong></span> <span class='ocrx_word' id='word_1_102' title='bbox 670 1618 898 1666; x_wconf 86' lang='lat' dir='ltr'><strong>inferiori</strong></span> <span class='ocrx_word' id='word_1_103' title='bbox 933 1653 947 1677; x_wconf 93' lang='lat'>,</span> <span class='ocrx_word' id='word_1_104' title='bbox 992 1626 1042 1665; x_wconf 89' lang='lat' dir='ltr'><strong>et</strong></span> <span class='ocrx_word' id='word_1_105' title='bbox 1072 1634 1185 1682; x_wconf 84' lang='lat' dir='ltr'><strong>quae</strong></span> <span class='ocrx_word' id='word_1_106' title='bbox 1215 1620 1279 1666; x_wconf 91' lang='lat' dir='ltr'><strong>ad</strong></span> <span class='ocrx_word' id='word_1_107' title='bbox 1314 1634 1423 1666; x_wconf 86' lang='lat' dir='ltr'><strong>eam</strong></span> <span class='ocrx_word' id='word_1_108' title='bbox 1457 1611 1748 1686; x_wconf 74' lang='lat' dir='ltr'><strong>pertinent,</strong></span> 
     </span>
     <span class='ocr_line' id='line_1_16' title="bbox 376 1687 1748 1764; baseline 0.003 -18"><span class='ocrx_word' id='word_1_109' title='bbox 376 1698 728 1746; x_wconf 83' lang='lat' dir='ltr'><strong>administrare</strong></span> <span class='ocrx_word' id='word_1_110' title='bbox 742 1732 755 1756; x_wconf 95' lang='lat'>‚</span> <span class='ocrx_word' id='word_1_111' title='bbox 774 1712 831 1743; x_wconf 90' lang='lat' dir='ltr'><strong>ac</strong></span> <span class='ocrx_word' id='word_1_112' title='bbox 848 1687 1141 1762; x_wconf 81' lang='lat' dir='ltr'><strong>praefectum</strong></span> <span class='ocrx_word' id='word_1_113' title='bbox 1161 1696 1383 1745; x_wconf 82' lang='lat' dir='ltr'><strong>Orientis</strong></span> <span class='ocrx_word' id='word_1_114' title='bbox 1408 1698 1462 1745; x_wconf 89' lang='lat' dir='ltr'><strong>in</strong></span> <span class='ocrx_word' id='word_1_115' title='bbox 1488 1711 1748 1764; x_wconf 86' lang='lat' dir='ltr'><strong>posterum</strong></span> 
     </span>
     <span class='ocr_line' id='line_1_17' title="bbox 375 1775 1751 1843; baseline 0.002 -19"><span class='ocrx_word' id='word_1_116' title='bbox 375 1775 631 1842; x_wconf 88' lang='lat' dir='ltr'><strong>adpellari.</strong></span> <span class='ocrx_word' id='word_1_117' title='bbox 651 1778 828 1841; x_wconf 82' lang='lat' dir='ltr'><strong>Neque</strong></span> <span class='ocrx_word' id='word_1_118' title='bbox 845 1790 966 1823; x_wconf 85' lang='lat' dir='ltr'><strong>vero</strong></span> <span class='ocrx_word' id='word_1_119' title='bbox 993 1775 1168 1822; x_wconf 85' lang='lat' dir='ltr'><strong>minus</strong></span> <span class='ocrx_word' id='word_1_120' title='bbox 1194 1777 1413 1840; x_wconf 82' lang='lat' dir='ltr'><strong>potestas</strong></span> <span class='ocrx_word' id='word_1_121' title='bbox 1431 1778 1751 1843; x_wconf 83' lang='lat' dir='ltr'><strong>magistratus</strong></span> 
     </span>
     <span class='ocr_line' id='line_1_18' title="bbox 377 1852 1749 1920; baseline 0.001 -17"><span class='ocrx_word' id='word_1_122' title='bbox 377 1855 642 1903; x_wconf 85' lang='lat' dir='ltr'><strong>dilacerata</strong></span> <span class='ocrx_word' id='word_1_123' title='bbox 665 1862 739 1902; x_wconf 87' lang='lat' dir='ltr'><strong>est</strong></span> <span class='ocrx_word' id='word_1_124' title='bbox 759 1852 824 1899; x_wconf 86' lang='lat' dir='ltr'><strong>ad</strong></span> <span class='ocrx_word' id='word_1_125' title='bbox 849 1852 1077 1911; x_wconf 84' lang='lat' dir='ltr'><strong>Arcadii,</strong></span> <span class='ocrx_word' id='word_1_126' title='bbox 1105 1853 1263 1916; x_wconf 85' lang='lat' dir='ltr'><strong>patris</strong></span> <span class='ocrx_word' id='word_1_127' title='bbox 1281 1852 1550 1903; x_wconf 86' lang='lat' dir='ltr'><strong>Theodosii</strong></span> <span class='ocrx_word' id='word_1_128' title='bbox 1576 1856 1749 1920; x_wconf 85' lang='lat' dir='ltr'><strong>junio-</strong></span> 
     </span>
     <span class='ocr_line' id='line_1_19' title="bbox 379 1927 1752 1997; baseline 0.001 -15"><span class='ocrx_word' id='word_1_129' title='bbox 379 1935 478 1992; x_wconf 87' lang='lat' dir='ltr'><strong>ris,</strong></span> <span class='ocrx_word' id='word_1_130' title='bbox 495 1936 760 1997; x_wconf 66' lang='lat' dir='ltr'><strong>⁴tempora3</strong></span> <span class='ocrx_word' id='word_1_131' title='bbox 792 1928 890 1976; x_wconf 91' lang='lat' dir='ltr'><strong>sub</strong></span> <span class='ocrx_word' id='word_1_132' title='bbox 917 1945 1024 1994; x_wconf 89' lang='lat' dir='ltr'><strong>quo</strong></span> <span class='ocrx_word' id='word_1_133' title='bbox 1048 1927 1270 1976; x_wconf 86' lang='lat' dir='ltr'><strong>Rufinus</strong></span> <span class='ocrx_word' id='word_1_134' title='bbox 1296 1933 1602 1995; x_wconf 84' lang='lat' dir='ltr'><strong>cognomine</strong></span> <span class='ocrx_word' id='word_1_135' title='bbox 1621 1935 1752 1995; x_wconf 82' lang='lat' dir='ltr'><strong>insa-</strong></span> 
     </span>
    </p>
   </div>
   <div class='ocr_carea' id='block_1_3' title="bbox 296 2005 1751 2073">
    <p class='ocr_par' dir='ltr' id='par_1_3' title="bbox 296 2005 1751 2073">
     <span class='ocr_line' id='line_1_20' title="bbox 296 2005 1751 2073; baseline -0.001 -14"><span class='ocrx_word' id='word_1_136' title='bbox 296 2044 299 2046; x_wconf 91' lang='lat'><em>-</em></span> <span class='ocrx_word' id='word_1_137' title='bbox 376 2010 564 2059; x_wconf 85' lang='lat' dir='ltr'><strong>tiabilis</strong></span> <span class='ocrx_word' id='word_1_138' title='bbox 575 2044 589 2068; x_wconf 90' lang='lat'>‚</span> <span class='ocrx_word' id='word_1_139' title='bbox 612 2024 719 2073; x_wconf 91' lang='lat' dir='ltr'><strong>quo</strong></span> <span class='ocrx_word' id='word_1_140' title='bbox 729 2005 962 2072; x_wconf 81' lang='lat' dir='ltr'><strong>praefecto</strong></span> <span class='ocrx_word' id='word_1_141' title='bbox 973 2007 1200 2071; x_wconf 78' lang='lat' dir='ltr'><strong>praetorii</strong></span> <span class='ocrx_word' id='word_1_142' title='bbox 1214 2006 1298 2054; x_wconf 88' lang='lat' dir='ltr'><strong>ille</strong></span> <span class='ocrx_word' id='word_1_143' title='bbox 1313 2007 1569 2068; x_wconf 78' lang='lat' dir='ltr'><strong>utebatur,</strong></span> <span class='ocrx_word' id='word_1_144' title='bbox 1583 2020 1751 2070; x_wconf 87' lang='lat' dir='ltr'><strong>tyran-</strong></span> 
     </span>
    </p>
   </div>
   <div class='ocr_carea' id='block_1_4' title="bbox 374 2082 1753 2310">
    <p class='ocr_par' dir='ltr' id='par_1_4' title="bbox 374 2082 1753 2310">
     <span class='ocr_line' id='line_1_21' title="bbox 375 2082 1752 2150; baseline -0.001 -15"><span class='ocrx_word' id='word_1_145' title='bbox 375 2085 548 2135; x_wconf 91' lang='lat' dir='ltr'><strong>nidem</strong></span> <span class='ocrx_word' id='word_1_146' title='bbox 566 2084 860 2145; x_wconf 87' lang='lat' dir='ltr'><strong>meditatus,</strong></span> <span class='ocrx_word' id='word_1_147' title='bbox 879 2100 906 2131; x_wconf 87' lang='lat' dir='ltr'><strong>a</strong></span> <span class='ocrx_word' id='word_1_148' title='bbox 925 2084 1188 2149; x_wconf 86' lang='lat' dir='ltr'><strong>proposito</strong></span> <span class='ocrx_word' id='word_1_149' title='bbox 1215 2082 1426 2150; x_wconf 86' lang='lat' dir='ltr'><strong>quidem</strong></span> <span class='ocrx_word' id='word_1_150' title='bbox 1445 2121 1458 2145; x_wconf 93' lang='lat'>‚</span> <span class='ocrx_word' id='word_1_151' title='bbox 1495 2085 1635 2134; x_wconf 88' lang='lat' dir='ltr'><strong>bono</strong></span> <span class='ocrx_word' id='word_1_152' title='bbox 1658 2087 1752 2134; x_wconf 71' lang='lat' dir='ltr'><strong>rei-¹</strong></span> 
     </span>
     <span class='ocr_line' id='line_1_22' title="bbox 374 2162 1753 2232; baseline 0 -19"><span class='ocrx_word' id='word_1_153' title='bbox 374 2164 615 2232; x_wconf 82' lang='lat' dir='ltr'><strong>publicae,</strong></span> <span class='ocrx_word' id='word_1_154' title='bbox 639 2163 913 2224; x_wconf 85' lang='lat' dir='ltr'><strong>aberravit,</strong></span> <span class='ocrx_word' id='word_1_155' title='bbox 946 2163 1001 2210; x_wconf 90' lang='lat' dir='ltr'><strong>in</strong></span> <span class='ocrx_word' id='word_1_156' title='bbox 1027 2162 1327 2211; x_wconf 87' lang='lat' dir='ltr'><strong>barathrum</strong></span> <span class='ocrx_word' id='word_1_157' title='bbox 1364 2180 1483 2212; x_wconf 85' lang='lat' dir='ltr'><strong>vero</strong></span> <span class='ocrx_word' id='word_1_158' title='bbox 1503 2165 1753 2230; x_wconf 86' lang='lat' dir='ltr'><strong>magistra-</strong></span> 
     </span>
     <span class='ocr_line' id='line_1_23' title="bbox 376 2236 1751 2310; baseline 0 -18"><span class='ocrx_word' id='word_1_159' title='bbox 376 2255 487 2293; x_wconf 89' lang='lat' dir='ltr'><strong>tum</strong></span> <span class='ocrx_word' id='word_1_160' title='bbox 531 2244 876 2310; x_wconf 68' lang='lat' dir='ltr'><strong>praecipitavit,</strong></span> <span class='ocrx_word' id='word_1_161' title='bbox 919 2245 1150 2307; x_wconf 84' lang='lat' dir='ltr'><strong>Namque</strong></span> <span class='ocrx_word' id='word_1_162' title='bbox 1186 2236 1462 2307; x_wconf 77' lang='lat' dir='ltr'><strong>imperator</strong></span> <span class='ocrx_word' id='word_1_163' title='bbox 1500 2245 1751 2292; x_wconf 89' lang='lat' dir='ltr'><strong>continuo</strong></span> 
     </span>
    </p>
   </div>
   <div class='ocr_carea' id='block_1_5' title="bbox 301 2319 1752 2389">
    <p class='ocr_par' dir='ltr' id='par_1_5' title="bbox 301 2319 1752 2389">
     <span class='ocr_line' id='line_1_24' title="bbox 301 2319 1752 2389; baseline 0 -19"><span class='ocrx_word' id='word_1_164' title='bbox 301 2335 306 2337; x_wconf 79' lang='grc'><strong>’</strong></span> <span class='ocrx_word' id='word_1_165' title='bbox 377 2323 660 2389; x_wconf 87' lang='lat' dir='ltr'><strong>potentiam</strong></span> <span class='ocrx_word' id='word_1_166' title='bbox 686 2321 750 2370; x_wconf 87' lang='lat' dir='ltr'><strong>ab</strong></span> <span class='ocrx_word' id='word_1_167' title='bbox 781 2321 935 2369; x_wconf 88' lang='lat' dir='ltr'><strong>armis</strong></span> <span class='ocrx_word' id='word_1_168' title='bbox 974 2321 1290 2386; x_wconf 85' lang='lat' dir='ltr'><strong>magistratui</strong></span> <span class='ocrx_word' id='word_1_169' title='bbox 1315 2320 1524 2379; x_wconf 83' lang='lat' dir='ltr'><strong>adimit3</strong></span> <span class='ocrx_word' id='word_1_170' title='bbox 1567 2319 1752 2371; x_wconf 89' lang='lat' dir='ltr'><strong>deinde</strong></span> 
     </span>
    </p>
   </div>
   <div class='ocr_carea' id='block_1_6' title="bbox 378 2397 1754 2939">
    <p class='ocr_par' dir='ltr' id='par_1_6' title="bbox 378 2397 1754 2939">
     <span class='ocr_line' id='line_1_25' title="bbox 378 2397 1751 2461; baseline -0.001 -13"><span class='ocrx_word' id='word_1_171' title='bbox 378 2399 713 2458; x_wconf 85' lang='lat' dir='ltr'><strong>fabricarum,</strong></span> <span class='ocrx_word' id='word_1_172' title='bbox 753 2398 806 2447; x_wconf 87' lang='lat' dir='ltr'><strong>id</strong></span> <span class='ocrx_word' id='word_1_173' title='bbox 842 2409 917 2452; x_wconf 85' lang='lat' dir='ltr'><strong>est</strong></span> <span class='ocrx_word' id='word_1_174' title='bbox 933 2432 950 2460; x_wconf 87' lang='lat'><strong>,-</strong></span> <span class='ocrx_word' id='word_1_175' title='bbox 985 2415 1246 2448; x_wconf 87' lang='lat' dir='ltr'><strong>armorum</strong></span> <span class='ocrx_word' id='word_1_176' title='bbox 1283 2397 1751 2461; x_wconf 88' lang='lat' dir='ltr'><strong>conficiendorum,</strong></span> 
     </span>
     <span class='ocr_line' id='line_1_26' title="bbox 380 2477 1748 2546; baseline -0.001 -19"><span class='ocrx_word' id='word_1_177' title='bbox 380 2496 475 2528; x_wconf 89' lang='lat' dir='ltr'><strong>nec</strong></span> <span class='ocrx_word' id='word_1_178' title='bbox 498 2496 606 2528; x_wconf 90' lang='lat' dir='ltr'><strong>non</strong></span> <span class='ocrx_word' id='word_1_179' title='bbox 643 2495 823 2528; x_wconf 90' lang='lat' dir='ltr'><strong>cursus</strong></span> <span class='ocrx_word' id='word_1_180' title='bbox 855 2477 1053 2546; x_wconf 89' lang='lat' dir='ltr'><strong>publici</strong></span> <span class='ocrx_word' id='word_1_181' title='bbox 1089 2495 1293 2539; x_wconf 85' lang='lat' dir='ltr'><strong>curam,</strong></span> <span class='ocrx_word' id='word_1_182' title='bbox 1332 2488 1382 2526; x_wconf 91' lang='lat' dir='ltr'><strong>et</strong></span> <span class='ocrx_word' id='word_1_183' title='bbox 1418 2480 1604 2528; x_wconf 88' lang='lat' dir='ltr'><strong>ceteras</strong></span> <span class='ocrx_word' id='word_1_184' title='bbox 1643 2495 1748 2527; x_wconf 88' lang='lat' dir='ltr'><strong>om-</strong></span> 
     </span>
     <span class='ocr_line' id='line_1_27' title="bbox 382 2557 1751 2625; baseline 0 -19"><span class='ocrx_word' id='word_1_185' title='bbox 382 2574 471 2606; x_wconf 89' lang='lat' dir='ltr'><strong>nes</strong></span> <span class='ocrx_word' id='word_1_186' title='bbox 491 2595 504 2618; x_wconf 90' lang='lat'>‚</span> <span class='ocrx_word' id='word_1_187' title='bbox 537 2575 565 2606; x_wconf 95' lang='lat' dir='ltr'><strong>e</strong></span> <span class='ocrx_word' id='word_1_188' title='bbox 600 2558 792 2624; x_wconf 89' lang='lat' dir='ltr'><strong>quibus</strong></span> <span class='ocrx_word' id='word_1_189' title='bbox 811 2559 1171 2625; x_wconf 39' lang='lat' dir='ltr'><strong>‚magisterium</strong></span> <span class='ocrx_word' id='word_1_190' title='bbox 1203 2557 1343 2624; x_wconf 89' lang='lat' dir='ltr'><strong>quod</strong></span> <span class='ocrx_word' id='word_1_191' title='bbox 1382 2569 1594 2619; x_wconf 85' lang='lat' dir='ltr'><strong>vocant,</strong></span> <span class='ocrx_word' id='word_1_192' title='bbox 1634 2576 1751 2607; x_wconf 91' lang='lat' dir='ltr'><strong>con-</strong></span> 
     </span>
     <span class='ocr_line' id='line_1_28' title="bbox 383 2634 1751 2704; baseline 0.002 -22"><span class='ocrx_word' id='word_1_193' title='bbox 383 2634 561 2683; x_wconf 86' lang='lat' dir='ltr'><strong>flatum</strong></span> <span class='ocrx_word' id='word_1_194' title='bbox 585 2648 670 2685; x_wconf 86' lang='lat' dir='ltr'><strong>est.</strong></span> <span class='ocrx_word' id='word_1_195' title='bbox 697 2641 824 2686; x_wconf 92' lang='lat' dir='ltr'><strong>Cum</strong></span> <span class='ocrx_word' id='word_1_196' title='bbox 846 2648 1016 2686; x_wconf 89' lang='lat' dir='ltr'><strong>autem</strong></span> <span class='ocrx_word' id='word_1_197' title='bbox 1045 2637 1431 2686; x_wconf 89' lang='lat' dir='ltr'><strong>incommodum</strong></span> <span class='ocrx_word' id='word_1_198' title='bbox 1459 2648 1583 2686; x_wconf 88' lang='lat' dir='ltr'><strong>esset</strong></span> <span class='ocrx_word' id='word_1_199' title='bbox 1599 2675 1612 2698; x_wconf 89' lang='lat'>‚</span> <span class='ocrx_word' id='word_1_200' title='bbox 1630 2655 1751 2704; x_wconf 84' lang='lat' dir='ltr'><strong>prae-</strong></span> 
     </span>
     <span class='ocr_line' id='line_1_29' title="bbox 388 2709 1754 2782; baseline 0.003 -24"><span class='ocrx_word' id='word_1_201' title='bbox 388 2709 574 2759; x_wconf 86' lang='lat' dir='ltr'><strong>fectum</strong></span> <span class='ocrx_word' id='word_1_202' title='bbox 611 2717 843 2778; x_wconf 85' lang='lat' dir='ltr'><strong>praetorio</strong></span> <span class='ocrx_word' id='word_1_203' title='bbox 885 2733 1044 2781; x_wconf 87' lang='lat' dir='ltr'><strong>equos</strong></span> <span class='ocrx_word' id='word_1_204' title='bbox 1086 2715 1319 2782; x_wconf 91' lang='lat' dir='ltr'><strong>publicos</strong></span> <span class='ocrx_word' id='word_1_205' title='bbox 1365 2716 1530 2781; x_wconf 87' lang='lat' dir='ltr'><strong>iisque</strong></span> <span class='ocrx_word' id='word_1_206' title='bbox 1568 2732 1754 2782; x_wconf 72' lang='lat' dir='ltr'><strong>praepo-</strong></span> 
     </span>
     <span class='ocr_line' id='line_1_30' title="bbox 390 2790 1752 2856; baseline 0.003 -21"><span class='ocrx_word' id='word_1_207' title='bbox 390 2790 510 2837; x_wconf 91' lang='lat' dir='ltr'><strong>sitos</strong></span> <span class='ocrx_word' id='word_1_208' title='bbox 531 2791 584 2836; x_wconf 92' lang='lat' dir='ltr'><strong>in</strong></span> <span class='ocrx_word' id='word_1_209' title='bbox 618 2794 891 2856; x_wconf 83' lang='lat' dir='ltr'><strong>provinciis</strong></span> <span class='ocrx_word' id='word_1_210' title='bbox 934 2804 1212 2842; x_wconf 88' lang='lat' dir='ltr'><strong>sustentare</strong></span> <span class='ocrx_word' id='word_1_211' title='bbox 1229 2832 1243 2855; x_wconf 88' lang='lat'>‚</span> <span class='ocrx_word' id='word_1_212' title='bbox 1270 2794 1487 2843; x_wconf 88' lang='lat' dir='ltr'><strong>aliorum</strong></span> <span class='ocrx_word' id='word_1_213' title='bbox 1513 2812 1631 2843; x_wconf 89' lang='lat' dir='ltr'><strong>vero</strong></span> <span class='ocrx_word' id='word_1_214' title='bbox 1657 2793 1752 2841; x_wconf 89' lang='lat' dir='ltr'><strong>sub</strong></span> 
     </span>
     <span class='ocr_line' id='line_1_31' title="bbox 390 2869 1752 2939; baseline 0.002 -25"><span class='ocrx_word' id='word_1_215' title='bbox 390 2876 633 2934; x_wconf 85' lang='lat' dir='ltr'><strong>potestate</strong></span> <span class='ocrx_word' id='word_1_216' title='bbox 648 2884 730 2917; x_wconf 89' lang='lat' dir='ltr'><strong>eos</strong></span> <span class='ocrx_word' id='word_1_217' title='bbox 742 2869 1277 2939; x_wconf 86' lang='lat' dir='ltr'><strong>administrationeque</strong></span> <span class='ocrx_word' id='word_1_218' title='bbox 1294 2889 1417 2920; x_wconf 89' lang='lat' dir='ltr'><strong>esse:</strong></span> <span class='ocrx_word' id='word_1_219' title='bbox 1434 2872 1512 2920; x_wconf 87' lang='lat' dir='ltr'><strong>lex</strong></span> <span class='ocrx_word' id='word_1_220' title='bbox 1530 2870 1640 2918; x_wconf 86' lang='lat' dir='ltr'><strong>data</strong></span> <span class='ocrx_word' id='word_1_221' title='bbox 1659 2879 1752 2929; x_wconf 84' lang='lat' dir='ltr'><strong>est,</strong></span> 
     </span>
    </p>
   </div>
  </div>
 </body>
</html>
