2748 3834
916 468 973 518 lx
1337 460 1834 514 comnena-Anius

919 589 1068 636 runt,
1113 579 1298 623 invenit
1334 596 1347 618 .·
1383 578 1529 634 cujus
1569 577 1620 618 in
1665 573 1896 621 Arcadia
1929 578 2023 617 non
2059 571 2195 632 longe
2224 588 2258 617 a

914 669 1074 716 Lusio
1101 665 1316 726 flumine
1349 662 1628 722 sepulcrum
1652 695 1669 717 ‚
1708 668 1755 705 et
1792 661 1932 705 lucus
1971 661 2254 706 ostenditur.

916 752 1089 799 Verba
1112 756 1299 808 autem,
1323 749 1499 811 δεύτερος
1524 751 1641 810 ὁρίοις
1665 749 1805 811 ἐτάφη,
1835 747 2032 810 comple
2053 747 2125 794 sic
2147 764 2157 793 :
2178 742 2258 796 'EN

914 834 1043 888 ΤοῙΣ
1063 828 1498 885 ΚΥΝΟΣΟῨΡΙΔΟΣ
1516 841 1632 902 ὁρίοις
1647 839 1781 901 ἐτάφη.
1800 837 1878 885 Fl.
1896 837 2126 886 Clemens
2143 837 2257 886 loco

913 930 995 978 cit.
1014 944 1120 994 pag.
1142 925 1205 974 26
1227 925 1313 974 lin.
1332 926 1361 975 8
1380 941 1390 972 ε

1088 1065 1171 1106 Ζεὺς
1185 1062 1279 1113 γὰρ,
1300 1060 1477 1105 κατακτὰς
1490 1061 1599 1101 παῖδα
1619 1061 1680 1100 τὸν
1702 1063 1807 1115 ἐμὸν,
1828 1062 1938 1109 αἴτιος
1953 1092 1965 1115 ,

1095 1130 1310 1186 Α’σκληπιὸν,
1331 1138 1504 1189 ςέρνοισιν
1521 1138 1679 1189 ἐμὸαλῶν
1693 1139 1819 1190 φλόγα.

976 1256 1107 1309 Οὗτος
1141 1258 1210 1319 μὲν
1245 1255 1314 1304 οὖν
1344 1263 1463 1306 κεῖται
1491 1261 1752 1323 κεραυνωθεὶς
1781 1261 1821 1306 ἐν
1849 1265 1929 1312 τοῖς
1959 1257 2252 1322 Κυνοσούριδος

908 1350 1040 1409 ὁρίοις.
1070 1346 1303 1394 Sustineo
1323 1363 1404 1394 me
1426 1346 1678 1412 hocloco,
1711 1348 1992 1413 mendaque
2017 1349 2253 1411 deinceps

906 1437 1191 1499 sequentia,
1231 1445 1482 1501 quotquot
1502 1446 1652 1500 sunt,
1696 1439 1801 1487 non
1836 1457 2089 1503 exequar3
2115 1437 2254 1502 quod

906 1525 1022 1573 satis
1060 1523 1458 1575 demonstratum
1497 1545 1602 1576 esse
1639 1529 1857 1576 arbitror
1875 1566 1890 1586 ,
1943 1527 2006 1575 ad
2046 1543 2253 1591 perpur-

905 1613 1124 1680 gandum
1140 1650 1153 1675 ‚
1179 1630 1336 1678 prope
1360 1615 1523 1664 dicam
1539 1654 1551 1676 ‚
1577 1616 1637 1665 ad
1658 1616 1925 1681 legendum
1943 1615 2174 1664 libellum
2193 1613 2255 1662 de

903 1702 1167 1752 Mensibus
1182 1696 1309 1766 opus
1329 1721 1434 1754 esse
1450 1706 1666 1755 aliorum
1683 1712 1947 1753 auctorum
1965 1704 2255 1753 collatione:

904 1810 1018 1841 oum
1043 1791 1413 1852 antiquiorum,
1449 1812 1577 1857 quos
1608 1795 1874 1857 exscripsit
1901 1793 2079 1858 Lydus
2108 1811 2118 1839 z
2144 1800 2254 1841 tum
2305 1806 2307 1809 ⁴

902 1880 1265 1941 recentiorum,
1292 1881 1381 1942 qui
1402 1897 1461 1927 eo
1482 1871 1547 1927 ex
1569 1880 1703 1927 libro
1729 1879 2032 1942 hauserunt,
2058 1880 2251 1943 Suidae,

902 1968 1141 2017 Eudociae
1180 1967 1448 2029 Augustae,
1486 1965 1700 2026 codini,
1736 1967 2131 2015 Scholiastarum
2158 1969 2250 2015 ali-

903 2062 1059 2119 quot,
1097 2054 1374 2118 glossarum
1399 2054 1618 2118 denique
1638 2055 1819 2103 Lexici
1838 2055 2099 2119 Cangiaffl,
2125 2073 2251 2119 qua-

902 2149 1052 2188 tenus
1071 2141 1175 2189 huo
1191 2142 1446 2204 pertinent
1458 2180 1471 2204 ,
1503 2160 1568 2190 ex
1587 2143 1783 2206 integro
1806 2160 1957 2206 opere
1974 2143 2036 2190 de
2055 2144 2249 2192 Mensi-

902 2229 997 2276 bus
1029 2227 1114 2276 vel
1141 2244 1206 2275 ex
1229 2228 1464 2291 epitomis
1487 2227 1730 2276 delibatae.
1758 2230 1994 2288 Quorum
2018 2230 2250 2279 omnium

901 2315 1339 2379 investigationem
1364 2316 1406 2364 si
1427 2316 1510 2364 vel
1535 2315 1806 2365 Schowius
1826 2318 2143 2381 suscepisset,
2166 2319 2252 2368 vel

901 2402 1138 2466 Beckius,
1155 2402 1293 2450 haud
1309 2411 1414 2452 erat
1427 2421 1559 2467 sane,
1578 2403 1717 2468 quod
1731 2404 1999 2469 quisquam
2018 2406 2250 2456 meliores

902 2491 1198 2554 interpretes
1213 2492 1490 2555 requireret
1512 2510 1522 2540 ε
1542 2491 1629 2540 sed
1651 2492 1838 2552 horum
1854 2492 2068 2541 alterum
2088 2493 2250 2543 officia

901 2579 1036 2643 regia
1052 2579 1445 2644 impediverunt,
1460 2581 1673 2628 alterum
1687 2579 1853 2629 studia
1862 2580 2077 2641 diversa,
2093 2599 2249 2647 eaque

903 2667 1113 2717 clariora
1145 2688 1154 2713 :
1189 2686 1302 2733 quae
1325 2668 1448 2717 adeo
1470 2677 1648 2732 ornat,
1695 2677 1752 2717 ut
1773 2669 1921 2734 plane
1944 2687 2048 2718 non
2073 2669 2249 2720 fuisset

901 2755 1191 2819 probandus
1207 2794 1220 2818 ,
1257 2758 1301 2806 si
1318 2757 1579 2822 ingenium
1600 2795 1615 2822 ‚
1648 2774 1751 2822 quo
1777 2763 2003 2808 auctores
2028 2759 2248 2809 illustrat
