2748 3834
614 539 991 572 nml’UBLmAE
1028 510 1301 573 Romanae
1335 543 1440 575 mn.
1476 544 1508 576 1.
1589 569 1601 577 .
1683 547 1742 596 19

375 617 628 676 dicamus,
675 625 1011 677 tvrannorum
1048 632 1241 664 morem
1272 619 1498 682 transiit,
1540 619 1746 713 demen-⁸

376 711 580 759 samque
604 706 784 744 terram
809 694 1016 743 tributis
1040 697 1281 744 oneravit.

446 774 491 824 5.
525 777 694 836 Quare
717 785 966 836 tyrannus
988 783 1093 822 erat
1115 774 1396 824 Romulus:
1420 778 1512 843 qui
1534 777 1743 844 quidem

378 871 495 902 cum
522 852 725 902 fratrem
750 853 921 919 primo
938 890 952 913 ,
993 870 1217 919 eumque
1247 864 1370 902 natu
1399 855 1640 919 majorem
1668 857 1747 905 in-

379 931 571 980 terfecit
586 969 598 993 ‚
636 941 747 980 tum
768 940 953 979 temere
975 932 1230 997 quidquid
1250 934 1363 999 egit.
1386 934 1515 980 Hinc
1537 950 1747 999 quoque

379 1011 630 1071 Quirinus
664 1008 830 1057 dictus
867 1020 972 1070 est,
1028 1010 1076 1057 id
1118 1020 1190 1059 est
1223 1015 1357 1077 κύριος
1392 1010 1745 1076 (dominus);

379 1088 610 1155 quamvis
633 1089 969 1154 Diogeniano,
993 1088 1357 1137 vocabulorum
1378 1090 1639 1156 scriptori,
1664 1087 1778 1145 ali-s

379 1176 456 1215 ter
489 1165 695 1232 placeat.
735 1169 860 1214 Nam
901 1177 1098 1221 constat,
1133 1169 1282 1215 etiam
1313 1205 1325 1227 ‚
1380 1167 1656 1216 Romulum
1696 1175 1750 1214 et

379 1244 591 1311 aequales
615 1245 724 1310 ejus
742 1244 969 1311 linguam
989 1248 1231 1305 Graecam,
1251 1246 1456 1293 AEoliam
1473 1245 1588 1293 dico
1601 1282 1613 1303 ,
1638 1242 1745 1292 non

382 1325 660 1390 ignorasse,
689 1334 749 1371 ut
777 1324 923 1371 aiunt
953 1327 1074 1371 Cato
1093 1360 1106 1383 ‚
1135 1326 1188 1371 in
1225 1324 1421 1373 librode
1445 1325 1747 1390 antiquitate

380 1403 605 1450 Romana
622 1438 636 1462 ,
661 1412 709 1450 et
723 1402 1043 1450 doctissimus
1061 1405 1217 1451 Varro
1234 1440 1249 1463 ,
1293 1405 1347 1452 in
1367 1403 1620 1470 prooemio
1640 1401 1748 1451 illo-

381 1496 497 1526 rum
512 1505 526 1539 5
547 1498 659 1545 quae
675 1481 737 1527 ad
754 1482 1050 1546 Pompeium
1068 1484 1267 1548 scripsit
1284 1501 1295 1530 ε
1314 1484 1508 1549 quippe
1521 1481 1751 1529 Evander

385 1559 640 1623 ceterique
652 1558 878 1618 Arcades,
898 1560 949 1606 in
968 1559 1159 1607 Italiam
1178 1560 1300 1608 olim
1323 1560 1629 1626 transgressi,
1644 1561 1750 1607 AEo-

384 1636 502 1684 liam
530 1636 757 1702 linguam
791 1638 925 1685 inter
950 1636 1184 1687 barbaros
1205 1655 1439 1705 sparsere.
1461 1641 1585 1687 Nam
1610 1635 1751 1704 quod

383 1727 617 1782 praeterea
647 1734 675 1764 a
710 1719 1049 1782 grammaticis
1082 1718 1308 1786 adfertur
1342 1730 1550 1785 etymon
1573 1755 1587 1778 ,
1630 1732 1752 1783 pace

385 1811 563 1843 eorum
601 1796 651 1843 vi
679 1805 949 1844 attractum
984 1797 1213 1844 dixerim.
1243 1801 1284 1845 A
1318 1801 1445 1863 Cyre
1469 1799 1607 1846 enim
1629 1832 1646 1856 ,
1673 1799 1753 1843 Sa-

384 1871 630 1920 binorum
665 1872 858 1938 oppido
877 1907 892 1932 ,
931 1888 1050 1920 eum
1076 1874 1146 1919 ita
1175 1875 1499 1938 nominatum
1539 1873 1722 1922 volunt
1738 1904 1755 1933 2

384 1951 621 2015 quamvis
642 1967 750 1996 non
772 1949 894 1996 inde
923 1949 1205 2012 oriundum
1222 1986 1238 2018 2.
1271 1951 1358 2005 sed
1381 1953 1437 1999 in
1470 1949 1597 2000 colle
1622 1949 1760 2000 Palas

384 2027 522 2087 tino,
556 2022 830 2077 adv‘siberis
854 2023 1018 2088 ripam
1038 2059 1052 2083 ‚
1087 2034 1266 2072 natum
1280 2061 1300 2088 ⁹.
1319 2025 1614 2090 ibidemque
1633 2021 1759 2088 ‘edu-

384 2114 573 2152 catum.
596 2103 844 2151 Dominos
865 2101 1054 2152 scilicet
1078 2117 1129 2152 se
1156 2103 1396 2164 tyranni,
1434 2120 1543 2152 non
1570 2105 1759 2171 princi-

383 2199 473 2250 pes
495 2181 769 2248 adpellari
760 2191 947 2230 amant.

462 2265 508 2308 6.
544 2261 706 2323 Major
721 2276 869 2319 vero,
894 2274 1049 2324 quam
1073 2259 1230 2324 regis,
1261 2239 1336 2308 est
1364 2260 1567 2309 Caesaris
1595 2258 1760 2324 digni·

389 2348 494 2400 tas;
520 2339 613 2404 qui
629 2336 708 2385 vel
731 2353 870 2403 reges
893 2335 1130 2402 gentibus
1148 2335 1304 2385 dandi
1320 2335 1443 2385 olim
1461 2346 1759 2402 potestatem

389 2417 641 2467 habuerit.
681 2417 886 2482 Quippe
921 2415 1155 2463 odiosum
1183 2425 1256 2463 est
1290 2425 1443 2481 atque
1473 2432 1501 2462 a
1538 2419 1763 2463 Romana

392 2486 617 2545 alienum
644 2493 903 2555 libertate,
942 2495 1205 2555 dominos,
1243 2505 1295 2543 at
1329 2511 1436 2543 non
1457 2531 1469 2554 ,
1507 2495 1765 2560 principes

393 2573 644 2640 adpellare
683 2573 1018 2639 imperantes3
1059 2582 1312 2639 quatenus
1339 2571 1538 2620 domini
1573 2587 1762 2619 nomen

398 2669 670 2702 commune
699 2655 820 2719 ipsis
849 2664 898 2702 et
931 2670 1097 2703 unum
1135 2669 1335 2702 servum
1362 2649 1765 2718 possidentibus,

401 2730 647 2794 principis
688 2742 858 2780 autem
904 2730 1100 2779 nullius
1148 2732 1245 2779 nisi
1290 2732 1518 2796 ipsorum
1571 2738 1656 2776 est.
1698 2728 1766 2772 Ac

403 2805 726 2855 manifestum
771 2826 978 2873 prorsus
1017 2820 1089 2857 est
1119 2846 1133 2867 ‚
1176 2813 1429 2856 Romanos
1473 2806 1630 2854 solere
1681 2801 1765 2849 do-

406 2884 574 2932 minos
609 2884 858 2950 adpellare
894 2902 1004 2946 eos,
1047 2886 1140 2951 qui
1177 2886 1384 2945 tyranni
1421 2882 1584 2940 fuere,
1618 2877 1768 2929 sicuti

1457 2956 1486 3004 3
1511 2967 1530 2987 2
