2748 3834
630 516 1007 551 nmpunchss
1042 516 1314 549 ROMANAE
1347 519 1458 552 Lm.
1493 520 1526 552 1.
1692 520 1748 552 21

385 589 571 658 Syllam
599 590 832 654 videlicet
870 590 1193 654 Mariumque
1217 625 1231 649 ‚
1269 600 1320 638 et
1351 591 1754 644 dominationem

385 663 723 731 tyrannidem.
746 668 1056 734 Deprimunt
1082 668 1240 732 igitur
1260 669 1556 735 principum
1583 674 1755 737 majes-

385 759 536 798 tatem
562 750 704 816 pravi
726 747 1036 806 adulatores,
1071 748 1358 812 ignorentia
1385 764 1579 798 morem
1597 786 1612 811 ,
1649 769 1755 818 quo

386 829 481 894 ipsi
515 828 672 894 primi
695 841 955 876 servorum
981 826 1111 886 sint,
1148 826 1462 877 inducentes.
1494 828 1646 890 Quod
1675 847 1756 880 ve·

385 922 502 954 rum
526 922 659 966 esse,
695 922 755 954 ex
782 904 864 952 his
891 906 1042 952 etiam
1072 904 1306 971 colligere
1337 906 1467 955 licet.
1498 910 1757 973 Augustus
1795 936 1798 940 ·

383 983 660 1050 aliquando
672 1018 686 1043 ,
704 982 784 1032 vel
803 981 1006 1031 fortasse
1020 983 1251 1032 Tiberius
1264 1021 1279 1045 ‚
1295 986 1389 1050 qui
1405 984 1480 1033 illi
1498 989 1754 1048 successit,

383 1061 447 1110 ab
466 1061 791 1110 adulatorum
806 1078 914 1109 uno
929 1060 1172 1110 dominus
1186 1061 1494 1128 adpellatus,
1508 1066 1725 1114 surrexit
1739 1101 1753 1125 ,

383 1139 680 1206 dimisitque
703 1140 1032 1201 concionem,
1056 1140 1329 1206 indignum
1361 1158 1440 1201 se,
1475 1151 1534 1190 ut
1563 1141 1754 1203 aiebat,

383 1228 658 1284 reputans,
690 1236 810 1268 cum
843 1220 998 1268 servis
1033 1215 1274 1285 colloqui.
1299 1223 1489 1268 Verum
1511 1238 1630 1271 cum
1647 1221 1751 1285 jam

383 1307 530 1346 antea
546 1309 604 1347 ut
621 1298 785 1347 honos
802 1300 1083 1365 ignominia
1102 1299 1388 1349 introducta
1406 1303 1471 1350 sit
1486 1338 1502 1362 ,
1530 1318 1755 1350 mansue-

384 1379 564 1427 tissimi
582 1380 831 1447 principis
854 1381 1015 1428 nostri
1034 1379 1299 1441 modestia,
1331 1383 1565 1447 quamvis
1590 1381 1755 1430 mode-

383 1458 580 1506 ratione
593 1474 771 1506 omnes
786 1459 1022 1507 omnium
1041 1468 1331 1525 temporum
1347 1460 1605 1526 principes
1621 1469 1753 1508 ante·

383 1532 554 1594 cedat,
590 1544 641 1581 et
667 1534 865 1581 domini
897 1552 1117 1596 nomen,
1156 1535 1315 1584 veluti
1346 1535 1471 1584 boni
1490 1538 1752 1609 parentis,

382 1612 604 1676 patitur,
640 1629 746 1660 non
771 1612 1003 1679 gaudens,
1022 1630 1108 1674 eo,
1143 1614 1229 1662 sed
1247 1630 1426 1663 verens
1455 1616 1658 1680 potius,
1687 1631 1753 1663 ne

384 1691 477 1755 qui
499 1692 727 1740 venerari
756 1707 808 1740 se
829 1691 1145 1742 arbitrentur
1161 1730 1178 1755 ,
1201 1693 1408 1759 rejicere
1430 1692 1677 1744 videatur.

688 1855 785 1887 DE*
815 1856 1191 1890 11810113113
1242 1858 1451 1893 tzela.

453 1999 499 2048 7.
534 1984 643 2028 Jam
665 1976 784 2029 ante
806 1980 1086 2030 'Romulum
1109 1988 1330 2051 insignia
1349 1990 1651 2038 Latinorum
1672 2007 1755 2040 re-

374 2061 468 2126 gni
482 2070 626 2108 erant
647 2056 868 2109 thronus
879 2061 1183 2111 cancellatus
1194 2101 1214 2124 r
1232 2074 1290 2112 et.
1297 2062 1450 2113 vestis
1461 2103 1480 2127 r
1490 2062 1643 2132 quam
1659 2069 1756 2135 ipsi

376 2137 600 2186 trabeam
611 2138 816 2187 dicunt:
836 2158 950 2206 quae
959 2141 1126 2206 qualis
1141 2141 1296 2190 fuerit
1304 2180 1317 2202 ‚
1332 2143 1488 2209 paulo
1501 2156 1616 2211 post
1627 2146 1757 2195 dice-

378 2224 479 2263 tur.
495 2217 644 2264 Unde
662 2228 798 2265 vates
819 2222 1078 2266 Romanus
1094 2255 1107 2278 ‚
1131 2221 1185 2265 in
1203 2219 1336 2267 libro
1358 2223 1577 2286 septimo
1594 2225 1755 2271 AEnei-

297 2318 301 2321 *
377 2292 469 2340 dos
484 2329 497 2352 ‚
522 2292 668 2342 latini
686 2296 872 2360 regiam
891 2294 1177 2344 describens
1195 2296 1370 2345 throni
1383 2308 1433 2346 et
1449 2297 1627 2348 trabeae
1651 2317 1755 2349 me-

376 2371 581 2420 minit.A
589 2382 608 2419 t
616 2373 834 2422 Romulo
844 2390 1031 2428 corona
1046 2375 1384 2442 insupererat‚
1393 2389 1754 2446 sceptrumque

376 2450 432 2497 in
444 2452 655 2500 'summo
669 2453 893 2518 aquilam
910 2471 1088 2520 gerens
1099 2492 1112 2515 ‚
1129 2465 1178 2504 et
1190 2455 1381 2521 penula
1399 2456 1510 2505 alba
1527 2495 1541 2518 ‚
1560 2453 1726 2507 talaris
1741 2497 1753 2520 ‚

374 2526 440 2575 ab
465 2528 719 2591 humeris,
762 2531 818 2578 in
851 2534 1092 2581 anteriori
1119 2545 1261 2600 parte
1277 2572 1290 2595 ,
1318 2535 1380 2583 ad
1402 2535 1553 2602 pedes
1567 2540 1753 2603 pannis

376 2609 650 2672 purpureis
675 2609 864 2675 virgata
909 2617 1138 2671 (nomen
1178 2623 1352 2661 autem
1382 2615 1581 2680 penulae
1613 2626 1751 2681 toga,

379 2680 433 2727 id
453 2692 524 2729 est
544 2693 895 2750 tegumentum
915 2725 928 2748 ,
968 2689 1124 2755 idque
1146 2707 1239 2756 per
1268 2692 1599 2740 antistichuin
1628 2710 1656 2740 a
1682 2704 1749 2739 te-

380 2773 496 2822 gere
526 2776 539 2816 ;
579 2761 650 2808 sie
670 2765 807 2811 enim
829 2765 985 2817 latine
1001 2773 1047 2820 τὸ
1066 2773 1216 2822 σκέπειν
1236 2769 1475 2835 dicitur),
1499 2780 1548 2820 et
1568 2770 1746 2819 calcea*

435 2857 491 2908 5)
512 2857 612 2900 cod.
637 2863 912 2917 ῥεραὸδωμένος.
