2748 3834
876 490 956 523 DE
998 490 1232 524 JoANNE
1276 490 1456 524 mmo.
1655 477 1846 540 xxxvij

434 574 450 588 “
493 582 810 633 berinianam
853 592 1003 635 vocat
1047 585 1325 650 bibliopola
1385 586 1440 634 in
1489 583 1676 649 praefat.
1728 584 1847 634 edit.

500 670 819 722 Schowianae
846 690 955 738 pag.
980 671 1069 736 vi)
1092 672 1276 722 saeculo
1300 687 1380 721 xv
1412 672 1600 737 scripto
1626 689 1637 721 τ
1662 690 1729 723 ex
1751 672 1853 723 hoc

500 759 781 825 exemplari
810 761 1004 825 reliqua
1038 762 1208 809 omnia
1245 761 1489 811 videntur
1510 778 1751 812 manasse.
1774 765 1851 821 2.)

498 850 555 898 in
573 848 694 899 cod.
721 866 876 900 manu
897 851 1083 900 Leonis
1118 851 1295 901 Allatii
1319 860 1433 902 ante
1472 871 1515 902 a.
1549 852 1677 918 1669
1711 870 1854 917 pera-

500 945 611 987 rato
641 956 650 986 :
677 956 796 988 nam
823 948 1062 990 statuerat
1084 942 1303 992 Allatius
1324 942 1471 992 istam
1497 942 1771 1007 Epitomen
1796 942 1852 990 in

502 1026 797 1092 Symmictis
839 1028 985 1078 edere
1030 1030 1134 1080 suis
1173 1047 1184 1076 :
1229 1029 1316 1080 sed
1347 1037 1462 1079 ante
1496 1046 1651 1094 quam
1686 1029 1854 1078 consi-

501 1114 631 1165 lium
655 1118 842 1182 exequi
869 1119 1067 1182 potuit,
1105 1137 1170 1169 ex
1193 1120 1290 1168 hac
1323 1120 1430 1169 vita
1463 1119 1725 1183 migravit,
1760 1125 1854 1166 est-

503 1221 603 1270 que
631 1206 969 1259 instrumento
1008 1211 1113 1272 ejus
1139 1210 1361 1258 literario
1391 1208 1674 1273 Collegium
1710 1208 1853 1255 Grae-

503 1311 681 1344 corum
734 1297 914 1347 Romae
955 1298 1175 1363 potitum
1216 1319 1224 1344 :
1266 1313 1334 1347 ex
1375 1299 1466 1347 illo
1502 1305 1668 1347 autem
1710 1296 1857 1346 Alla-

502 1385 641 1435 tiano
689 1388 970 1453 exemplari
1017 1388 1324 1454 descriptum
1369 1396 1443 1437 est
1477 1388 1855 1449 Marinianum,

505 1473 568 1522 de
604 1492 708 1539 quo
745 1485 872 1540 post.
914 1479 959 1528 5.
993 1478 1015 1543 )
1060 1479 1125 1527 In
1162 1478 1332 1528 codice
1372 1486 1547 1528 nostro
1582 1475 1857 1526 Parisiensi

503 1562 605 1611 No.
635 1566 766 1614 5084
786 1602 799 1628 ,
841 1567 978 1616 olim·
1006 1569 1167 1633 Regio
1189 1607 1203 1632 ,
1247 1568 1466 1617 Emerici
1490 1566 1667 1631 -Bigoti
1701 1580 1859 1614 manu

508 1662 738 1718 perarato
773 1673 783 1702 :
819 1656 923 1705 vid.
956 1658 1252 1724 C'atalogum
1291 1656 1626 1720 Manuscript.
1663 1653 1860 1702 Biblio-

506 1741 638 1791 thec.
658 1744 783 1808 Reg.
806 1745 925 1794 edit.
950 1747 1166 1796 Paris.-e
1197 1728 1535 1819 typographia
1564 1746 1689 1808 Reg.
1714 1744 1857 1809 1759-

509 1831 620 1879 Fol.
640 1833 775 1878 Part.
800 1833 869 1877 ΙΙ.
893 1850 1001 1895 pag.
1034 1834 1147 1880 606.
1172 1834 1255 1881 Ab
1277 1835 1378 1881 hoc
1396 1832 1630 1879 Emerico
1653 1831 1859 1895 Bigoto,

507 1919 907 1982 Rotomagensi,·
943 1921 1051 1968 vita
1075 1919 1252 1968 functo
1288 1938 1329 1968 a.
1363 1921 1524 1984 1689,
1564 1922 1680 1970 viro
1718 1920 1862 1970 varia

464 2015 467 2018 '
509 2004 659 2053 laude
686 2006 975 2068 cumulato,
1002 2008 1092 2071 qui
1118 1998 1372 2072 exquisita
1392 2026 1646 2064 sacrarum
1675 2026 1862 2072 graeca-

511 2111 731 2160 rumque
766 2113 940 2146 rerum
973 2098 1182 2146 scientia
1222 2082 1395 2147 floruit
1423 2136 1437 2162 ,
1487 2106 1590 2146 tota
1618 2111 1758 2162 paene
1789 2104 1865 2145 est

510 2185 658 2234 Italia
692 2187 747 2234 in
781 2186 978 2236 literato
998 2187 1168 2235 labore
1187 2195 1442 2252 peragrata
1475 2188 1579 2236 :ita
1624 2195 1677 2235 ut
1705 2187 1862 2251 pluri-

511 2293 622 2324 mos
642 2284 748 2324 tum
775 2293 951 2340 parum
979 2286 1127 2326 notos
1150 2287 1378 2332 auctores
1399 2295 1425 2324 e
1447 2276 1706 2324 codicibus
1743 2275 1864 2324 Am-

512 2367 787 2428 brosianae,
815 2366 1057 2428 Mediceae
1075 2405 1088 2429 ,
1113 2370 1564 2430 Romanarumque
1588 2343 1863 2413 Bibliothe-

514 2473 686 2505 carum
714 2456 1017 2505 describeret
1079 2475 1192 2521 quae
1226 2456 1534 2521 exemplaria
1574 2455 1678 2516 ejus
1709 2470 1864 2503 manu

512 2536 739 2611 pereiram
772 2546 904 2610 apud
941 2565 1034 2595 nos
1070 2538 1217 2595 etiam
1255 2539 1402 2596 nunc
1424 2552 1611 2594 extant.
1661 2542 1862 2604 Quare,

512 2652 805 2700 quanquam
828 2637 879 2684 iu
911 2636 1032 2684 Cod.
1062 2639 1191 2685 5084
1229 2646 1344 2685 nota
1376 2635 1583 2699 originis
1608 2634 1747 2681 nulla
1769 2634 1860 2692 sit,

515 2724 679 2773 nihilo
697 2742 813 2773 eum
840 2727 1005 2773 miuus
1034 2728 1211 2775 Romae
1235 2727 1540 2788 descriptum
1571 2741 1674 2770 esse
1703 2719 1862 2780 suspi-

518 2828 604 2860 cor
623 2850 639 2871 ,
669 2830 735 2863 ex
760 2815 1036 2865 Barberino
1054 2817 1174 2880 1110,
1210 2834 1362 2879 quem
1392 2816 1494 2862 No.
1522 2829 1565 2890 ’3'
1599 2811 1709 2859 dixi
1736 2826 1745 2853 ε
1770 2822 1860 2854 116·
