2748 3834
991 487 1056 542 44
1308 499 1376 527 LY
1392 498 1445 526 1>1
1479 497 1546 524 DE
1583 495 2046 544 MAGISTRA'lflsz

986 573 1237 621 ἀποσωθέντα
1262 568 1451 623 ἐκάλουν,
1484 569 1548 610 καὶ
1579 562 1759 613 Φλάκκον
1787 570 1856 612 τὸν
1890 566 1972 614 ὦτα
1996 572 2157 629 μείζονα
2186 575 2348 631 ἔχοντα,

984 651 1048 694 καὶ
1075 650 1119 694 Ν
1122 648 1242 691 αίὸιον
1265 646 1331 689 τὸν
1357 641 1530 705 ἀλφώδη’
1561 643 1626 687 καὶ
1656 642 1830 690 Λούκιον
1853 645 2028 691 Λικίνιον
2055 650 2262 709 Κράσσον·
2292 647 2347 696 ὧν

982 726 1025 770 τὸ
1049 724 1118 783 μὲν
1149 727 1303 784 πρῶτον
1331 722 1557 781 ἀνίσχοντος
1584 722 1692 770 ἡλίου
1715 725 1913 783 τεχθέντα,
1936 725 1980 770 τὸ
2009 723 2052 769 86
2081 724 2258 789 δεύτερον
2279 729 2346 774 τὸν

861 820 900 864 ᾳ)
919 821 954 853 c
986 800 1200 863 ἀκρόουλον
1222 816 1288 849 την
1310 802 1449 859 κόμην,
1464 800 1510 844 τὸ
1533 797 1574 843 86
1590 801 1717 862 τρίτον
1734 803 1800 846 τὸν
1820 801 1968 864 κρεώδη
1982 796 2019 842 *)
2038 803 2101 848 καὶ
2121 805 2345 866 εὐσώματον

860 863 885 897 f.
900 863 954 897 55.
948 878 1235 939 διασημαινει·
1265 881 1437 941 κράσσος
1467 878 1543 939 γὰρ
1567 878 1587 921 ὁ
1618 879 1747 939 παχὺς
1774 881 1819 925 τὸ
1843 887 1957 941 σῶμα
1986 885 2087 928 κατά
2114 884 2227 946 φύσιν
2250 883 2345 947 παρ’

975 959 1127 1007 Ιταλοῖς
1154 959 1233 1006 τοῖς
1264 956 1529 1018 ἀρχαιοτέροις
1562 955 1720 1017 εἴρηται.
1753 959 1986 1020 Πειναγύϊος
2012 955 2051 999 1)
2081 960 2167 1005 866
2195 968 2340 1019 πειῶν,

973 1035 1039 1079 καὶ
1067 1038 1217 1085 Στοέτης
1240 1028 1283 1073 2)
1316 1035 1335 1077 6
1369 1031 1524 1089 εὒῆλιξ,
1553 1034 1616 1078 καὶ
1645 1037 1810 1088 Φαῦς-ος
1841 1038 1905 1082 καὶ
1932 1039 2147 1089 Φλοίὸιος
2128 1058 2148 1083 ο
2180 1044 2338 1097 εὔνους,

969 1112 1034 1156 καὶ
1061 1114 1185 1161 Γαίος
1219 1110 1358 1168 (οἶονει
1377 1110 1569 1171 γαύδιος)
1591 1113 1611 1157 6
1634 1115 1802 1207 χαρίεις,
1818 1116 1883 1160 καὶ
1907 1116 2122 1179 Τιὸέριος“
2104 1135 2123 1160 ο
2141 1120 2249 1180 παρὰ
2267 1120 2338 1163 Τί-

967 1176 1069 1252 ὃεριν
1091 1190 1157 1235 τὸν
1185 1189 1362 1249 ποταμὸν
1387 1189 1556 1250 τεχθεὶς,
1580 1192 1644 1236 καὶ
1673 1194 1789 1244 Τιτος
1819 1194 1839 1237 6
1867 1194 1946 1240 ἀπὸ
1973 1196 2120 1241 Τατίου
2149 1200 2220 1240 τοῦ
2246 1198 2334 1240 Σα-

965 1268 1093 1323 ὃίνου,
1119 1267 1184 1311 καιΙ
1210 1270 1411 1318 Αππιος”
1392 1287 1412 1312 ο
1433 1267 1472 1311 ἐν
1495 1256 1639 1327 Ᾱππίᾳ
1656 1270 1768 1315 οἰκῶν
1790 1270 1905 1327 (ὁδὸς
1924 1271 2005 1318 δέ’
1987 1289 2070 1324 εςιν
2091 1273 2332 1332 ἐπίσημος),

962 1347 1026 1391 καὶ
1048 1336 1251 1409 Σέρὸιος(
1233 1366 1253 1391 ο
1272 1348 1473 1399 θανούσης
1500 1347 1608 1409 αὐτῷ
1626 1355 1693 1399 τῆς
1709 1351 1858 1413 μητρὸς
1877 1351 2088 1417 ἐγκύμονος
2110 1350 2331 1408 διασωθεὶς,

961 1426 1026 1470 καὶ
1039 1428 1181 1488 Νέρων
1204 1428 1224 1470 6
1247 1427 1431 1489 ἰσχυρὸς,
1453 1434 1499 1488 τῇ·
1517 1426 1689 1472 Σαὸίνων
1715 1436 1846 1491 φωνῇ,
1865 1430 1929 1473 καὶ
1946 1431 2098 1475 Νάσων
2116 1432 2137 1473 6
2155 1434 2330 1491 εὔρινος,

960 1502 1023 1547 καὶ
1049 1504 1229 1554 Τούκκας
1255 1505 1274 1548 6
1293 1505 1509 1567 κρεωὸόρος
1535 1501 1555 1566 (
1566 1504 1607 1548 ὃν
1631 1507 1667 1548 οὗ
1688 1504 1836 1549 ἰδιῶται
1855 1506 2001 1548 Ζικκάν
2026 1505 2213 1550 ἐκάλεσαν
2231 1504 2330 1551 καθ’
2362 1532 2364 1534 -

958 1576 1111 1641 ἡμᾶς),
1143 1581 1207 1625 καὶ
1235 1583 1365 1644 Βοὶρος
1393 1582 1457 1626 καὶ
1489 1582 1659 1631 Βλαισὸς
1676 1576 1719 1623 5)
1738 1582 1759 1625 6
1788 1581 2094 1643 πλαγιόσκελος,
2124 1583 2188 1627 καὶ
2221 1569 2330 1646 Σερ--ι

958 1659 1076 1720 ῥανὸς
1107 1661 1127 1704 ὁ
1152 1645 1360 1723 γεωργικὸς
1393 1661 1497 1716 (ἀπὸ
1523 1665 1594 1705 τοῦ
1625 1661 1841 1723 σπείρειν),
1861 1662 1924 1705 καὶ
1953 1659 2168 1722 Αὔγους-ος
2198 1664 2218 1706 6
2244 1681 2324 1708 κα·-

956 1736 1159 1789 λοιώνιςος
1168 1773 1183 1794 ,
1205 1739 1269 1783 καὶ
1287 1739 1478 1789 Βιτέλλιος
1497 1740 1517 1783 6
1539 1737 1762 1802 κροκοειδὴς
1783 1742 1850 1790 τὴν
1869 1739 1954 1798 ὄψιν
1979 1737 1999 1802 (
2008 1743 2066 1794 ὅτι
2080 1739 2256 1798 βιτέλλον
2273 1734 2319 1780 4)

954 1814 990 1856 οἱ
1017 1804 1192 1874 Ῥωμαῖοι
1217 1821 1285 1866 τὴν
1317 1818 1476 1862 λέκυθον
1500 1823 1570 1863 τοῦ
1601 1820 1680 1862 ὠοῦ
1705 1818 1977 1874 ἐπικαλοῦσι),
2011 1817 2075 1862 καί
2108 1817 2274 1880 Βοὶῤῥων
2296 1818 2322 1862 6

949 1893 1050 1934 κατὰ
1080 1893 1150 1952 μὲν
1179 1896 1360 1945 Φοίνικας
1392 1881 1592 1951 Ῐουδαῖος,
1623 1899 1724 1941 κατὰ
1756 1895 1798 1940 86
1828 1897 1983 1946 Κέλτας
2013 1894 2201 1957 ἀνδρεῖος.
2234 1894 2320 1939 Καὶ

949 1967 1077 2010 πολλοὶ
1106 1972 1154 2009 ἄν
1186 1986 1240 2015 τις
1267 1975 1426 2009 τοιαῦτα
1458 1974 1620 2024 συνάγοι
1642 1971 1745 2009 κατὰ
1774 1970 1939 2023 σχολὴν,
1968 1971 2003 2008 εἰ
2025 1972 2144 2024 τυχὸν
2168 1969 2318 2024 αὐτὸν,

949 2039 1022 2085 οὐκ
1044 2043 1185 2100 ἔχοντα
1216 2045 1255 2097 ὅ,
1281 2059 1316 2085 τι
1345 2045 1529 2102 πράττοι,
1556 2040 1994 2103 ἀφρόντιὸασυμὸαίνοι
2022 2041 2216 2101 διαὸιοῦν,
2247 2047 2314 2091 καὶ

945 2119 1154 2174 τοιούτοις,
1179 2120 1324 2168 ὁποίαις
1352 2120 1453 2177 ἐγὼ,
1475 2120 1611 2180 καίπερ
1633 2122 1788 2180 μυρίαις
1821 2121 2159 2183 συμπεπλεγμένος
2184 2138 2310 2184 φρον-

941 2194 1059 2254 τίσιν,
1085 2195 1311 2257 ἐναγρυπνῶ
1335 2195 1541 2256 μωραίνων
1568 2197 1811 2257 ἀθύρμασιν..

1186 2331 1323 2375 'rPiTH
1356 2330 1624 2387 nPoAmrH,
1662 2331 1710 2376 oi
1746 2333 2041 2380 KYAI'Z'mPEz.

1004 2462 1082 2518 24.
1119 2462 1178 2508 T6
1215 2463 1333 2514 πιςὸν
1370 2465 1452 2513 τοῖς
1491 2466 1706 2526 γραφουσιν
1740 2467 1765 2514 ἡ
1799 2469 1875 2511 τῶν
1905 2466 2077 2527 ἀρχαίων
2115 2465 2304 2519 ἐπιτίθησι

932 2542 1142 2603 μαρτυριᾝα
1173 2541 1323 2591 Ιούνιος
1353 2542 1480 2587 τοίνυν
1513 2542 1784 2617 Γραγχιανός,
1814 2559 1853 2587 εν
1884 2549 1939 2604 τῷ
1965 2543 2052 2606 περὶ
2084 2542 2296 2604 ἐξουσιῶν,

932 2619 1065 2670 αὐτοῖς
1091 2620 1238 2682 ῥήμασι
1256 2619 1342 2682 περὶ
1357 2634 1427 2665 του
1452 2620 1691 2680 καλουμένου
1712 2622 1820 2684 παρὰ
1840 2622 2035 2681 Ρωμαίοις
2054 2624 2291 2685 κυαίς-ωρος·

986 2734 1001 2757 1
1017 2718 1032 2766 )
1059 2718 1169 2771 Lego
1188 2722 1346 2772 πινάριος
1365 2718 1439 2757 86
1425 2735 1443 2758 ο
1462 2725 1601 2759 πεινῶν.

983 2782 1030 2831 2)
1059 2786 1190 2827 Στάτης
1205 2814 1214 2833 ‚
1230 2784 1275 2822 ni
1292 2782 1432 2833 fallor,
1455 2788 1709 2837 corruptum.
1729 2785 1851 2824 Forte
1865 2783 2078 2838 legendum
2094 2786 2204 2838 βάλης
2221 2786 2235 2835 (
2245 2783 2292 2825 id
2336 2796 2338 2798 ’

925 2850 1004 2897 est,
1023 2845 1171 2887 Valens
1181 2849 1212 2899 ).
1234 2847 1352 2890 Conf-
1374 2861 1427 2902 Π,
1455 2849 1507 2890 25
1518 2876 1534 2905 2
1566 2851 1672 2896 αὐλῆς
1679 2879 1689 2904 ,
1711 2855 1751 2891 et
1769 2863 1820 2890 1-11
1836 2879 1848 2903 ,
1876 2849 1926 2892 62
1943 2878 1956 2902 ,
1987 2854 2283 2904 χρυσοςάᾶμους.
