2748 3834
715 473 1089 508 nmrunmcuz
1127 472 1399 506 nonnus
1434 473 1538 505 mn.
1573 473 1654 507 111.
1776 457 1866 507 165

503 562 553 600 et
590 549 1051 616 primiscriniorum
1096 547 1284 594 scrinio
1318 562 1403 593 sex
1433 545 1688 609 adjutores
1716 545 1874 612 adpa-

505 641 647 691 rent;
691 626 1135 696 quandoquidem,
1166 636 1225 674 ut
1251 641 1404 691 supra
1428 624 1770 690 ostendimus,
1786 625 1875 693 ,bi-

506 725 599 758 nos
631 708 909 774 quotannis
944 706 1166 754 notarios
1200 704 1279 752 lex
1324 702 1532 769 cingulo
1558 702 1752 758 liberat.
1802 707 1873 754 Ac

506 790 624 854 quis
670 805 807 847 non,
846 786 1139 849 adjutorum
1190 782 1579 832 multitudinem
1630 783 1838 832 intuens
1859 819 1874 843 ‚

505 867 827 935 splendorem
860 865 1070 930 judicii,
1109 880 1386 929 rerumque
1416 862 1724 929 agendarum
1760 861 1874 911 infi-

506 948 669 995 nitam
697 944 821 992 olim
861 944 916 990 in
948 960 1008 991 eo
1044 944 1243 1008 copiam
1270 940 1423 991 fuisse
1449 940 1730 1006 intelligat?
1757 957 1876 989 cum

505 1043 649 1074 nunc
666 1023 818 1072 nullae
842 1024 946 1070 sint
968 1022 1164 1070 civibus
1189 1022 1325 1081 lites,
1349 1020 1633 1088 (quidquid
1658 1037 1875 1086 usquam

492 1099 737 1169 egregii...
772 1101 836 1149 ad
861 1102 1174 1167 principium
1204 1098 1543 1165 confluente,)
1576 1109 1671 1148 et...
1705 1108 1875 1147 tamen

504 1198 601 1247 pro
621 1178 943 1237 suolarbitrio
964 1177 1129 1243 (bona
1158 1179 1304 1226 v'enia
1327 1177 1540 1225 dixerim
1554 1194 1573 1236 ;·
1594 1185 1716 1225 sunt
1729 1177 1873 1226 ,enim

505 1261 769 1309 literarum
788 1258 1046 1324 amantes)
1063 1259 1126 1306 ad
1144 1258 1266 1306 alios
1281 1268 1546 1324 gratosque
1560 1256 1876 1322 litigantibus

436 1376 439 1379 »
501 1339 700 1404 judices
734 1354 827 1403 per
863 1353 1023 1386 sacras
1052 1338 1331 1402 jussiones,
1355 1346 1428 1386 ‘ut
1461 1344 1668 1395 vocant,
1705 1350 1875 1383 causas

504 1416 745 1465 deferant.
779 1467 787 1483 t

581 1512 654 1541 ro.
691 1495 945 1554 Quoniam
972 1510 1091 1542 vero
1122 1510 1227 1542 non
1262 1510 1418 1561 parvo
1451 1493 1620 1552 lucro,
1656 1491 1786 1541 olim*
1817 1493 1872 1539 in

505 1570 626 1638 pace
647 1609 661 1633 ,
692 1582 846 1637 atque
880 1574 1281 1622 eminentissimo
1312 1572 1506 1621 honore
1540 1579 1720 1637 magna
1754 1586 1871 1619 cum

504 1663 748 1719 potestate
767 1653 1124 1719 praedictorum
1148 1654 1453 1701 scriniorum
1477 1652 1731 1717 adjutores
1757 1667 1873 1716 gau·

503 1731 729 1790 debant;
768 1748 964 1781 necesse
1003 1741 1107 1781 erat
1142 1730 1358 1797 repletos
1393 1730 1697 1799 dedignari
1687 1731 1872 1777 iterum

503 1809 566 1857 ad
613 1809 904 1858 codicillum
951 1810 1374 1875 moderatumque
1425 1809 1627 1875 lucrum
1678 1807 1874 1861 reverti.

502 1887 627 1935 Inde
667 1897 844 1956 rogatu
883 1887 1090 1939 illorum
1132 1886 1212 1935 lex
1247 1885 1338 1935 ab
1348 1868 1561 1950 Arcadio
1595 1886 1718 1956 lata,
1765 1900 1873 1933 san-

489 1967 642 2015 ciens
663 2001 680 2029 q,
726 1975 802 2030 Ut.
815 1950 1150 2030 'p‘ecu-Iiaresac
1183 1981 1393 2031 ,prorsus
1417 1975 1701 2031 separatum
1731 1957 1876 2027 colle-

501 2041 647 2107 gium
683 2041 891 2107 triginta
912 2037 1140 2089 'numero
1171 2041 1429 2104 virorum,
1465 2043 1557 2105 qui
1589 2041 1692 2104 jam
1730 2050 1875 2088 antea

503 2119 639 2173 inter
667 2115 921 2182 adjutores
946 2113 1306 2178 eminuissent,
1332 2116 1633 2184 praefectura
1652 2117 1875 2182 ministe-

503 2196 640 2247 riu'm
667 2195 765 2247 sibi
790 2196 1133 2246 constitueret.
1171 2199 1344 2262 Neque
1379 2197 1517 2243 enim
1551 2205 1689 2253 tum,
1721 2195 1876 2260 impe·

503 2272 759 2325 ratoribus
796 2290 902 2322 una
936 2290 1055 2322 cum
1098 2283 1275 2337 senatu
1314 2289 1484 2320 causas
1523 2271 1878 2331 audientibus,

502 2351 677 2406 omnia
717 2351 1138 2419 praestantissimis
1174 2349 1317 2401 facile
1353 2351 1706 2400 ministerium,
1726 2348 1834 2409 fuit,
1864 2368 1874 2397 ε

504 2431 630 2478 adeo
647 2435 711 2479 *ut
731 2449 790 2479 ex
807 2433 932 2497 ‚ipsis
951 2432 1555 2498 maturioribus,⁶usuque
1570 2430 1634 2479 ac>
1651 2431 1876 2496 tempore

503 2511 861 2581 praestantibus
875 2549 888 2573 ,
914 2510 1218 2580 quindecim*
1235 2513 1625 2580 imperatoribus
1640 2522 1877 2578 ,excepto-

503 2605 583 2639 res
599 2589 766 2642 selecti
786 2587 889 2639 sint
903 2627 915 2650 ,
935 2608 1064 2657 quos
1080 2590 1655 2660 'etiamnumdeputatos
1671 2599 1850 2640 vocant
1861 2626 1874 2649 ,

555 2707 607 2762 4)
633 2703 728 2749 Post
746 2713 860 2764 ἀρχὴν
887 2711 1026 2764 plures
1047 2712 1176 2754 literae
1200 2712 1400 2755 extinctae.

558 2772 605 2821 5)
631 2772 729 2813 Cod.
763 2776 914 2821 ἱδιάζων.

556 2836 605 2888 6)
632 2837 731 2879 Cod.
765 2842 849 2884 τοὺς
869 2844 1004 2887 πάντας
1021 2845 1186 2895 ἀμίς-ους.
