<?xml version="1.0" encoding="UTF-8"?>
<!DOCTYPE html PUBLIC "-//W3C//DTD XHTML 1.0 Transitional//EN"
    "http://www.w3.org/TR/xhtml1/DTD/xhtml1-transitional.dtd">
<html xmlns="http://www.w3.org/1999/xhtml" xml:lang="en" lang="en">
 <head>
  <title>
</title>
<meta http-equiv="Content-Type" content="text/html;charset=utf-8" />
  <meta name='ocr-system' content='tesseract 3.04.00' />
  <meta name='ocr-capabilities' content='ocr_page ocr_carea ocr_par ocr_line ocrx_word'/>
</head>
<body>
  <div class='ocr_page' id='page_1' title='image "./demagistratibusr00lyduuoft_0117.png"; bbox 0 0 2748 3834; ppageno 0'>
   <div class='ocr_carea' id='block_1_1' title="bbox 650 470 1783 519">
    <p class='ocr_par' dir='ltr' id='par_1_1' title="bbox 650 470 1783 519">
     <span class='ocr_line' id='line_1_1' title="bbox 650 470 1783 519; baseline 0.001 -1"><span class='ocrx_word' id='word_1_1' title='bbox 650 484 1031 518; x_wconf 68' lang='lat' dir='ltr'><strong>nmrunmctuz</strong></span> <span class='ocrx_word' id='word_1_2' title='bbox 1067 484 1340 517; x_wconf 69' lang='lat' dir='ltr'><strong>ROMANAE</strong></span> <span class='ocrx_word' id='word_1_3' title='bbox 1374 486 1478 518; x_wconf 76' lang='lat' dir='ltr'><strong>mr.</strong></span> <span class='ocrx_word' id='word_1_4' title='bbox 1515 487 1547 519; x_wconf 76' lang='grc' dir='ltr'><strong>ι.</strong></span> <span class='ocrx_word' id='word_1_5' title='bbox 1727 470 1783 519; x_wconf 80' lang='lat'><strong>15</strong></span> 
     </span>
    </p>
   </div>
   <div class='ocr_carea' id='block_1_2' title="bbox 380 556 1854 2895">
    <p class='ocr_par' dir='ltr' id='par_1_2' title="bbox 390 556 1849 1174">
     <span class='ocr_line' id='line_1_2' title="bbox 390 556 1782 625; baseline 0.005 -21"><span class='ocrx_word' id='word_1_6' title='bbox 390 586 403 604; x_wconf 77' lang='lat' dir='ltr'><em>l</em></span> <span class='ocrx_word' id='word_1_7' title='bbox 415 558 615 607; x_wconf 71' lang='lat' dir='ltr'><strong>civitate</strong></span> <span class='ocrx_word' id='word_1_8' title='bbox 631 558 972 606; x_wconf 84' lang='lat' dir='ltr'><strong>inveniuntur</strong></span> <span class='ocrx_word' id='word_1_9' title='bbox 987 556 1110 605; x_wconf 80' lang='lat' dir='ltr'><strong>anni</strong></span> <span class='ocrx_word' id='word_1_10' title='bbox 1125 557 1334 605; x_wconf 87' lang='lat' dir='ltr'><strong>ducenti</strong></span> <span class='ocrx_word' id='word_1_11' title='bbox 1351 559 1646 625; x_wconf 83' lang='lat' dir='ltr'><strong>quindecim</strong></span> <span class='ocrx_word' id='word_1_12' title='bbox 1663 577 1782 610; x_wconf 91' lang='lat' dir='ltr'><strong>cum</strong></span> 
     </span>
     <span class='ocr_line' id='line_1_3' title="bbox 414 634 1785 703; baseline 0.003 -17"><span class='ocrx_word' id='word_1_13' title='bbox 414 647 604 703; x_wconf 86' lang='lat' dir='ltr'><strong>septem</strong></span> <span class='ocrx_word' id='word_1_14' title='bbox 641 635 917 685; x_wconf 82' lang='lat' dir='ltr'><strong>mensibus.</strong></span> <span class='ocrx_word' id='word_1_15' title='bbox 956 634 1223 700; x_wconf 72' lang='lat' dir='ltr'><strong>Colliget-es</strong></span> <span class='ocrx_word' id='word_1_16' title='bbox 1250 638 1422 702; x_wconf 87' lang='lat' dir='ltr'><strong>itaque</strong></span> <span class='ocrx_word' id='word_1_17' title='bbox 1450 637 1514 687; x_wconf 85' lang='lat' dir='ltr'><strong>ab</strong></span> <span class='ocrx_word' id='word_1_18' title='bbox 1545 639 1695 688; x_wconf 82' lang='lat' dir='ltr'><strong>AEnea</strong></span> <span class='ocrx_word' id='word_1_19' title='bbox 1719 642 1785 690; x_wconf 85' lang='lat' dir='ltr'><strong>ad</strong></span> 
     </span>
     <span class='ocr_line' id='line_1_4' title="bbox 415 714 1787 782; baseline 0.003 -18"><span class='ocrx_word' id='word_1_20' title='bbox 415 717 599 782; x_wconf 88' lang='lat' dir='ltr'><strong>optimi</strong></span> <span class='ocrx_word' id='word_1_21' title='bbox 619 715 866 763; x_wconf 75' lang='lat' dir='ltr'><strong>Anastasii</strong></span> <span class='ocrx_word' id='word_1_22' title='bbox 879 714 1079 763; x_wconf 83' lang='lat' dir='ltr'><strong>obitum</strong></span> <span class='ocrx_word' id='word_1_23' title='bbox 1097 729 1350 762; x_wconf 83' lang='lat' dir='ltr'><strong>summam</strong></span> <span class='ocrx_word' id='word_1_24' title='bbox 1368 731 1628 765; x_wconf 84' lang='lat' dir='ltr'><strong>annorum</strong></span> <span class='ocrx_word' id='word_1_25' title='bbox 1643 719 1787 768; x_wconf 83' lang='lat' dir='ltr'><strong>mille</strong></span> 
     </span>
     <span class='ocr_line' id='line_1_5' title="bbox 414 792 1849 862; baseline 0.003 -20"><span class='ocrx_word' id='word_1_26' title='bbox 414 796 854 860; x_wconf 84' lang='lat' dir='ltr'><strong>septingentorum</strong></span> <span class='ocrx_word' id='word_1_27' title='bbox 871 792 1204 858; x_wconf 84' lang='lat' dir='ltr'><strong>quadraginta</strong></span> <span class='ocrx_word' id='word_1_28' title='bbox 1218 810 1300 842; x_wconf 82' lang='lat' dir='ltr'><strong>sex</strong></span> <span class='ocrx_word' id='word_1_29' title='bbox 1311 809 1429 843; x_wconf 85' lang='lat' dir='ltr'><strong>cum</strong></span> <span class='ocrx_word' id='word_1_30' title='bbox 1443 805 1635 862; x_wconf 79' lang='lat' dir='ltr'><strong>septem</strong></span> <span class='ocrx_word' id='word_1_31' title='bbox 1646 811 1788 846; x_wconf 88' lang='lat' dir='ltr'><strong>men-</strong></span> <span class='ocrx_word' id='word_1_32' title='bbox 1847 794 1849 796; x_wconf 64' lang='grc'><strong>’</strong></span> 
     </span>
     <span class='ocr_line' id='line_1_6' title="bbox 413 864 1784 940; baseline 0.004 -20"><span class='ocrx_word' id='word_1_33' title='bbox 413 872 585 921; x_wconf 86' lang='lat' dir='ltr'><strong>sibus:</strong></span> <span class='ocrx_word' id='word_1_34' title='bbox 611 864 725 938; x_wconf 80' lang='lat' dir='ltr'><strong>quae</strong></span> <span class='ocrx_word' id='word_1_35' title='bbox 752 881 825 920; x_wconf 84' lang='lat' dir='ltr'><strong>est</strong></span> <span class='ocrx_word' id='word_1_36' title='bbox 848 873 1134 940; x_wconf 75' lang='lat' dir='ltr'><strong>Graecorum</strong></span> <span class='ocrx_word' id='word_1_37' title='bbox 1154 873 1333 937; x_wconf 90' lang='lat' dir='ltr'><strong>opinio</strong></span> <span class='ocrx_word' id='word_1_38' title='bbox 1361 874 1643 923; x_wconf 85' lang='lat' dir='ltr'><strong>seeundum</strong></span> <span class='ocrx_word' id='word_1_39' title='bbox 1678 893 1784 925; x_wconf 85' lang='lat' dir='ltr'><strong>om·</strong></span> 
     </span>
     <span class='ocr_line' id='line_1_7' title="bbox 414 947 1783 1020; baseline 0.003 -21"><span class='ocrx_word' id='word_1_40' title='bbox 414 966 506 999; x_wconf 81' lang='lat' dir='ltr'><strong>nes</strong></span> <span class='ocrx_word' id='word_1_41' title='bbox 527 951 799 1015; x_wconf 80' lang='lat' dir='ltr'><strong>utriusque</strong></span> <span class='ocrx_word' id='word_1_42' title='bbox 821 947 1008 1015; x_wconf 81' lang='lat' dir='ltr'><strong>linguae</strong></span> <span class='ocrx_word' id='word_1_43' title='bbox 1026 950 1307 1015; x_wconf 78' lang='lat' dir='ltr'><strong>scriptores.</strong></span> <span class='ocrx_word' id='word_1_44' title='bbox 1324 952 1412 999; x_wconf 82' lang='lat' dir='ltr'><strong>His</strong></span> <span class='ocrx_word' id='word_1_45' title='bbox 1435 952 1502 1000; x_wconf 79' lang='lat' dir='ltr'><strong>ita</strong></span> <span class='ocrx_word' id='word_1_46' title='bbox 1521 969 1637 1000; x_wconf 86' lang='lat' dir='ltr'><strong>vere</strong></span> <span class='ocrx_word' id='word_1_47' title='bbox 1651 956 1783 1020; x_wconf 88' lang='lat' dir='ltr'><strong>posi-</strong></span> 
     </span>
     <span class='ocr_line' id='line_1_8' title="bbox 413 1027 1783 1094; baseline 0.004 -18"><span class='ocrx_word' id='word_1_48' title='bbox 413 1029 507 1088; x_wconf 84' lang='lat' dir='ltr'><strong>tis,</strong></span> <span class='ocrx_word' id='word_1_49' title='bbox 541 1038 748 1094; x_wconf 87' lang='lat' dir='ltr'><strong>tempus</strong></span> <span class='ocrx_word' id='word_1_50' title='bbox 770 1037 844 1076; x_wconf 86' lang='lat' dir='ltr'><strong>est</strong></span> <span class='ocrx_word' id='word_1_51' title='bbox 873 1027 935 1075; x_wconf 88' lang='lat' dir='ltr'><strong>de</strong></span> <span class='ocrx_word' id='word_1_52' title='bbox 970 1028 1392 1094; x_wconf 72' lang='lat' dir='ltr'><strong>magistratibus‚&#39;</strong></span> <span class='ocrx_word' id='word_1_53' title='bbox 1414 1031 1494 1081; x_wconf 77' lang='lat' dir='ltr'><strong>uti</strong></span> <span class='ocrx_word' id='word_1_54' title='bbox 1529 1030 1751 1081; x_wconf 82' lang='lat' dir='ltr'><strong>diximus</strong></span> <span class='ocrx_word' id='word_1_55' title='bbox 1770 1069 1783 1093; x_wconf 90' lang='lat'>,</span> 
     </span>
     <span class='ocr_line' id='line_1_9' title="bbox 411 1107 1188 1174; baseline 0 -19"><span class='ocrx_word' id='word_1_56' title='bbox 411 1116 592 1156; x_wconf 85' lang='lat' dir='ltr'><strong>nostrae</strong></span> <span class='ocrx_word' id='word_1_57' title='bbox 612 1107 903 1174; x_wconf 60' lang='lat' dir='ltr'><strong>reipublicae</strong></span> <span class='ocrx_word' id='word_1_58' title='bbox 927 1107 1188 1174; x_wconf 85' lang='lat' dir='ltr'><strong>explicare.</strong></span> 
     </span>
    </p>

    <p class='ocr_par' dir='ltr' id='par_1_3' title="bbox 399 1183 1854 2185">
     <span class='ocr_line' id='line_1_10' title="bbox 479 1183 1784 1253; baseline 0.005 -22"><span class='ocrx_word' id='word_1_59' title='bbox 479 1183 527 1246; x_wconf 87' lang='lat'><strong>3,</strong></span> <span class='ocrx_word' id='word_1_60' title='bbox 562 1185 815 1233; x_wconf 84' lang='lat' dir='ltr'><strong>Romulus</strong></span> <span class='ocrx_word' id='word_1_61' title='bbox 843 1187 1000 1251; x_wconf 80' lang='lat' dir='ltr'><strong>igitur</strong></span> <span class='ocrx_word' id='word_1_62' title='bbox 1033 1186 1395 1253; x_wconf 82' lang='lat' dir='ltr'><strong>duodevigenti</strong></span> <span class='ocrx_word' id='word_1_63' title='bbox 1432 1204 1594 1238; x_wconf 85' lang='lat' dir='ltr'><strong>annos</strong></span> <span class='ocrx_word' id='word_1_64' title='bbox 1634 1198 1784 1238; x_wconf 87' lang='lat' dir='ltr'><strong>natus</strong></span> 
     </span>
     <span class='ocr_line' id='line_1_11' title="bbox 409 1252 1784 1331; baseline 0.006 -21"><span class='ocrx_word' id='word_1_65' title='bbox 409 1279 528 1311; x_wconf 89' lang='lat' dir='ltr'><strong>cum</strong></span> <span class='ocrx_word' id='word_1_66' title='bbox 550 1252 701 1311; x_wconf 82' lang='lat' dir='ltr'><strong>fratre</strong></span> <span class='ocrx_word' id='word_1_67' title='bbox 723 1266 881 1312; x_wconf 84' lang='lat' dir='ltr'><strong>Remo</strong></span> <span class='ocrx_word' id='word_1_68' title='bbox 898 1267 1107 1313; x_wconf 85' lang='lat' dir='ltr'><strong>Romam</strong></span> <span class='ocrx_word' id='word_1_69' title='bbox 1122 1301 1135 1324; x_wconf 93' lang='lat'>‚</span> <span class='ocrx_word' id='word_1_70' title='bbox 1169 1262 1370 1331; x_wconf 87' lang='lat' dir='ltr'><strong>imperii</strong></span> <span class='ocrx_word' id='word_1_71' title='bbox 1392 1277 1603 1316; x_wconf 83' lang='lat' dir='ltr'><strong>matrem</strong></span> <span class='ocrx_word' id='word_1_72' title='bbox 1619 1305 1632 1327; x_wconf 95' lang='lat'>,</span> <span class='ocrx_word' id='word_1_73' title='bbox 1664 1285 1784 1318; x_wconf 92' lang='lat' dir='ltr'><strong>con-</strong></span> 
     </span>
     <span class='ocr_line' id='line_1_12' title="bbox 408 1341 1782 1413; baseline 0.004 -24"><span class='ocrx_word' id='word_1_74' title='bbox 408 1341 555 1390; x_wconf 74' lang='lat' dir='ltr'><strong>didit.</strong></span> <span class='ocrx_word' id='word_1_75' title='bbox 583 1345 779 1390; x_wconf 86' lang='lat' dir='ltr'><strong>Nomen</strong></span> <span class='ocrx_word' id='word_1_76' title='bbox 805 1353 976 1391; x_wconf 88' lang='lat' dir='ltr'><strong>autem</strong></span> <span class='ocrx_word' id='word_1_77' title='bbox 999 1346 1202 1410; x_wconf 87' lang='lat' dir='ltr'><strong>imperii</strong></span> <span class='ocrx_word' id='word_1_78' title='bbox 1226 1345 1432 1394; x_wconf 88' lang='lat' dir='ltr'><strong>illorum</strong></span> <span class='ocrx_word' id='word_1_79' title='bbox 1452 1382 1466 1407; x_wconf 91' lang='lat'><strong>,</strong></span> <span class='ocrx_word' id='word_1_80' title='bbox 1509 1347 1649 1413; x_wconf 86' lang='lat' dir='ltr'><strong>quod</strong></span> <span class='ocrx_word' id='word_1_81' title='bbox 1671 1346 1782 1396; x_wconf 76' lang='lat' dir='ltr'><strong>Itali</strong></span> 
     </span>
     <span class='ocr_line' id='line_1_13' title="bbox 408 1420 1780 1490; baseline 0.003 -21"><span class='ocrx_word' id='word_1_82' title='bbox 408 1420 591 1470; x_wconf 87' lang='lat' dir='ltr'><strong>dicunt</strong></span> <span class='ocrx_word' id='word_1_83' title='bbox 609 1424 807 1488; x_wconf 86' lang='lat' dir='ltr'><strong>regium</strong></span> <span class='ocrx_word' id='word_1_84' title='bbox 822 1460 836 1483; x_wconf 90' lang='lat'>,</span> <span class='ocrx_word' id='word_1_85' title='bbox 863 1423 915 1471; x_wconf 87' lang='lat' dir='ltr'><strong>id</strong></span> <span class='ocrx_word' id='word_1_86' title='bbox 931 1433 1004 1471; x_wconf 90' lang='lat' dir='ltr'><strong>est</strong></span> <span class='ocrx_word' id='word_1_87' title='bbox 1018 1461 1031 1483; x_wconf 92' lang='lat'>,</span> <span class='ocrx_word' id='word_1_88' title='bbox 1061 1425 1388 1485; x_wconf 85' lang='lat' dir='ltr'><strong>tyrannicum</strong></span> <span class='ocrx_word' id='word_1_89' title='bbox 1411 1445 1423 1471; x_wconf 71' lang='grc' dir='ltr'><strong>ε</strong></span> <span class='ocrx_word' id='word_1_90' title='bbox 1452 1441 1621 1490; x_wconf 87' lang='lat' dir='ltr'><strong>neque</strong></span> <span class='ocrx_word' id='word_1_91' title='bbox 1641 1425 1780 1473; x_wconf 89' lang='lat' dir='ltr'><strong>enim</strong></span> 
     </span>
     <span class='ocr_line' id='line_1_14' title="bbox 407 1498 1785 1569; baseline 0.004 -23"><span class='ocrx_word' id='word_1_92' title='bbox 407 1498 694 1564; x_wconf 87' lang='lat' dir='ltr'><strong>legitimum</strong></span> <span class='ocrx_word' id='word_1_93' title='bbox 711 1502 986 1566; x_wconf 86' lang='lat' dir='ltr'><strong>imperium</strong></span> <span class='ocrx_word' id='word_1_94' title='bbox 1005 1506 1291 1550; x_wconf 87' lang='lat' dir='ltr'><strong>Romanum</strong></span> <span class='ocrx_word' id='word_1_95' title='bbox 1306 1540 1320 1563; x_wconf 91' lang='lat'>‚</span> <span class='ocrx_word' id='word_1_96' title='bbox 1355 1512 1415 1551; x_wconf 88' lang='lat' dir='ltr'><strong>ut</strong></span> <span class='ocrx_word' id='word_1_97' title='bbox 1433 1503 1642 1569; x_wconf 90' lang='lat' dir='ltr'><strong>quidam</strong></span> <span class='ocrx_word' id='word_1_98' title='bbox 1661 1504 1785 1561; x_wconf 82' lang='lat' dir='ltr'><strong>exis-</strong></span> 
     </span>
     <span class='ocr_line' id='line_1_15' title="bbox 408 1578 1785 1646; baseline 0.004 -22"><span class='ocrx_word' id='word_1_99' title='bbox 408 1578 594 1625; x_wconf 89' lang='lat' dir='ltr'><strong>timant</strong></span> <span class='ocrx_word' id='word_1_100' title='bbox 610 1615 623 1638; x_wconf 89' lang='lat'>‚</span> <span class='ocrx_word' id='word_1_101' title='bbox 649 1594 840 1626; x_wconf 91' lang='lat' dir='ltr'><strong>nomen</strong></span> <span class='ocrx_word' id='word_1_102' title='bbox 866 1580 1065 1646; x_wconf 87' lang='lat' dir='ltr'><strong>regium</strong></span> <span class='ocrx_word' id='word_1_103' title='bbox 1086 1579 1351 1646; x_wconf 88' lang='lat' dir='ltr'><strong>significat.</strong></span> <span class='ocrx_word' id='word_1_104' title='bbox 1370 1580 1519 1628; x_wconf 81' lang='lat' dir='ltr'><strong>Unde</strong></span> <span class='ocrx_word' id='word_1_105' title='bbox 1534 1590 1649 1646; x_wconf 90' lang='lat' dir='ltr'><strong>post</strong></span> <span class='ocrx_word' id='word_1_106' title='bbox 1666 1581 1785 1645; x_wconf 86' lang='lat' dir='ltr'><strong>ejec-</strong></span> 
     </span>
     <span class='ocr_line' id='line_1_16' title="bbox 407 1656 1821 1725; baseline 0.001 -22"><span class='ocrx_word' id='word_1_107' title='bbox 407 1665 485 1703; x_wconf 91' lang='lat' dir='ltr'><strong>tos</strong></span> <span class='ocrx_word' id='word_1_108' title='bbox 509 1672 649 1722; x_wconf 87' lang='lat' dir='ltr'><strong>reges</strong></span> <span class='ocrx_word' id='word_1_109' title='bbox 675 1656 816 1722; x_wconf 85' lang='lat' dir='ltr'><strong>apud</strong></span> <span class='ocrx_word' id='word_1_110' title='bbox 840 1660 1092 1707; x_wconf 84' lang='lat' dir='ltr'><strong>Romanos</strong></span> <span class='ocrx_word' id='word_1_111' title='bbox 1108 1695 1122 1719; x_wconf 88' lang='lat'><strong>,</strong></span> <span class='ocrx_word' id='word_1_112' title='bbox 1151 1659 1385 1725; x_wconf 76' lang='lat' dir='ltr'><strong>quamvis</strong></span> <span class='ocrx_word' id='word_1_113' title='bbox 1405 1659 1656 1725; x_wconf 88' lang='lat' dir='ltr'><strong>principis</strong></span> <span class='ocrx_word' id='word_1_114' title='bbox 1690 1658 1782 1705; x_wconf 90' lang='lat' dir='ltr'><strong>im·</strong></span> <span class='ocrx_word' id='word_1_115' title='bbox 1819 1709 1821 1711; x_wconf 75' lang='lat'>.</span> 
     </span>
     <span class='ocr_line' id='line_1_17' title="bbox 405 1733 1784 1803; baseline 0.002 -23"><span class='ocrx_word' id='word_1_116' title='bbox 405 1733 549 1798; x_wconf 92' lang='lat' dir='ltr'><strong>perio</strong></span> <span class='ocrx_word' id='word_1_117' title='bbox 586 1744 849 1799; x_wconf 83' lang='lat' dir='ltr'><strong>parentes,</strong></span> <span class='ocrx_word' id='word_1_118' title='bbox 902 1734 1041 1783; x_wconf 86' lang='lat' dir='ltr'><strong>haud</strong></span> <span class='ocrx_word' id='word_1_119' title='bbox 1080 1736 1305 1801; x_wconf 84' lang='lat' dir='ltr'><strong>amplius</strong></span> <span class='ocrx_word' id='word_1_120' title='bbox 1343 1746 1649 1803; x_wconf 88' lang='lat' dir='ltr'><strong>usurpatum</strong></span> <span class='ocrx_word' id='word_1_121' title='bbox 1694 1746 1784 1784; x_wconf 84' lang='lat' dir='ltr'><strong>est.</strong></span> 
     </span>
     <span class='ocr_line' id='line_1_18' title="bbox 404 1812 1785 1880; baseline 0.002 -21"><span class='ocrx_word' id='word_1_122' title='bbox 404 1812 610 1879; x_wconf 88' lang='lat' dir='ltr'><strong>Quippe</strong></span> <span class='ocrx_word' id='word_1_123' title='bbox 629 1812 725 1861; x_wconf 85' lang='lat' dir='ltr'><strong>alia</strong></span> <span class='ocrx_word' id='word_1_124' title='bbox 742 1822 816 1860; x_wconf 83' lang='lat' dir='ltr'><strong>est</strong></span> <span class='ocrx_word' id='word_1_125' title='bbox 835 1812 1049 1877; x_wconf 78' lang='lat' dir='ltr'><strong>legitimi</strong></span> <span class='ocrx_word' id='word_1_126' title='bbox 1069 1813 1390 1878; x_wconf 78' lang='lat' dir='ltr'><strong>principatus</strong></span> <span class='ocrx_word' id='word_1_127' title='bbox 1406 1850 1420 1874; x_wconf 88' lang='lat'><strong>,</strong></span> <span class='ocrx_word' id='word_1_128' title='bbox 1442 1815 1537 1863; x_wconf 86' lang='lat' dir='ltr'><strong>alia</strong></span> <span class='ocrx_word' id='word_1_129' title='bbox 1558 1816 1785 1880; x_wconf 86' lang='lat' dir='ltr'><strong>tyranni·</strong></span> 
     </span>
     <span class='ocr_line' id='line_1_19' title="bbox 404 1889 1784 1958; baseline 0.002 -21"><span class='ocrx_word' id='word_1_130' title='bbox 404 1889 513 1950; x_wconf 83' lang='lat' dir='ltr'><strong>dis,</strong></span> <span class='ocrx_word' id='word_1_131' title='bbox 551 1890 659 1938; x_wconf 73' lang='lat' dir='ltr'><strong>alia..</strong></span> <span class='ocrx_word' id='word_1_132' title='bbox 682 1891 835 1937; x_wconf 86' lang='lat' dir='ltr'><strong>etiam</strong></span> <span class='ocrx_word' id='word_1_133' title='bbox 875 1889 1198 1954; x_wconf 87' lang='lat' dir='ltr'><strong>imperatoris</strong></span> <span class='ocrx_word' id='word_1_134' title='bbox 1233 1890 1452 1955; x_wconf 85' lang='lat' dir='ltr'><strong>digni-tas</strong></span> <span class='ocrx_word' id='word_1_135' title='bbox 1471 1908 1484 1951; x_wconf 92' lang='lat'>;</span> <span class='ocrx_word' id='word_1_136' title='bbox 1528 1902 1681 1958; x_wconf 88' lang='lat' dir='ltr'><strong>atque</strong></span> <span class='ocrx_word' id='word_1_137' title='bbox 1723 1901 1784 1940; x_wconf 81' lang='lat' dir='ltr'><strong>ut</strong></span> 
     </span>
     <span class='ocr_line' id='line_1_20' title="bbox 399 1961 1781 2031; baseline 0.005 -20"><span class='ocrx_word' id='word_1_138' title='bbox 399 1961 1071 2031; x_wconf 73' lang='lat' dir='ltr'><strong>paucis-dicam.P1-inceps</strong></span> <span class='ocrx_word' id='word_1_139' title='bbox 1106 1975 1181 2010; x_wconf 79' lang='lat' dir='ltr'><strong>est</strong></span> <span class='ocrx_word' id='word_1_140' title='bbox 1213 1968 1310 2028; x_wconf 79' lang='lat' dir='ltr'><strong>qui</strong></span> <span class='ocrx_word' id='word_1_141' title='bbox 1344 1969 1537 2015; x_wconf 79' lang='lat' dir='ltr'><strong>civium</strong></span> <span class='ocrx_word' id='word_1_142' title='bbox 1568 1986 1781 2018; x_wconf 87' lang='lat' dir='ltr'><strong>suorum</strong></span> 
     </span>
     <span class='ocr_line' id='line_1_21' title="bbox 399 2036 1854 2117; baseline 0.002 -28"><span class='ocrx_word' id='word_1_143' title='bbox 399 2036 642 2108; x_wconf 86' lang='lat' dir='ltr'><strong>suffragio</strong></span> <span class='ocrx_word' id='word_1_144' title='bbox 678 2041 882 2106; x_wconf 89' lang='lat' dir='ltr'><strong>primus</strong></span> <span class='ocrx_word' id='word_1_145' title='bbox 913 2039 977 2088; x_wconf 89' lang='lat' dir='ltr'><strong>ad</strong></span> <span class='ocrx_word' id='word_1_146' title='bbox 1007 2039 1223 2106; x_wconf 82' lang='lat' dir='ltr'><strong>gradum</strong></span> <span class='ocrx_word' id='word_1_147' title='bbox 1260 2043 1408 2106; x_wconf 85' lang='lat' dir='ltr'><strong>quasi</strong></span> <span class='ocrx_word' id='word_1_148' title='bbox 1442 2052 1492 2090; x_wconf 84' lang='lat' dir='ltr'><strong>et</strong></span> <span class='ocrx_word' id='word_1_149' title='bbox 1523 2042 1780 2117; x_wconf 78' lang='lat' dir='ltr'><strong>fastigium</strong></span> <span class='ocrx_word' id='word_1_150' title='bbox 1851 2038 1854 2040; x_wconf 61' lang='grc'><strong>’</strong></span> 
     </span>
     <span class='ocr_line' id='line_1_22' title="bbox 401 2119 1783 2185; baseline 0.001 -15"><span class='ocrx_word' id='word_1_151' title='bbox 401 2131 603 2170; x_wconf 86' lang='lat' dir='ltr'><strong>evectus</strong></span> <span class='ocrx_word' id='word_1_152' title='bbox 617 2156 632 2180; x_wconf 87' lang='lat'>‚</span> <span class='ocrx_word' id='word_1_153' title='bbox 652 2120 964 2168; x_wconf 84' lang='lat' dir='ltr'><strong>eminentem</strong></span> <span class='ocrx_word' id='word_1_154' title='bbox 985 2136 1140 2185; x_wconf 90' lang='lat' dir='ltr'><strong>super</strong></span> <span class='ocrx_word' id='word_1_155' title='bbox 1154 2119 1278 2168; x_wconf 87' lang='lat' dir='ltr'><strong>alios</strong></span> <span class='ocrx_word' id='word_1_156' title='bbox 1296 2119 1555 2170; x_wconf 87' lang='lat' dir='ltr'><strong>fortunam</strong></span> <span class='ocrx_word' id='word_1_157' title='bbox 1575 2129 1783 2172; x_wconf 89' lang='lat' dir='ltr'><strong>sortitus</strong></span> 
     </span>
    </p>

    <p class='ocr_par' dir='ltr' id='par_1_4' title="bbox 380 2197 1784 2895">
     <span class='ocr_line' id='line_1_23' title="bbox 380 2197 1780 2263; baseline 0.001 -15"><span class='ocrx_word' id='word_1_158' title='bbox 380 2210 504 2259; x_wconf 58' lang='lat' dir='ltr'><strong>2est3</strong></span> <span class='ocrx_word' id='word_1_159' title='bbox 531 2197 987 2263; x_wconf 31' lang='lat' dir='ltr'><strong>velutivsophocles</strong></span> <span class='ocrx_word' id='word_1_160' title='bbox 1006 2197 1068 2244; x_wconf 85' lang='lat' dir='ltr'><strong>de</strong></span> <span class='ocrx_word' id='word_1_161' title='bbox 1087 2198 1233 2260; x_wconf 86' lang='lat' dir='ltr'><strong>Ajace</strong></span> <span class='ocrx_word' id='word_1_162' title='bbox 1254 2198 1382 2245; x_wconf 85' lang='lat' dir='ltr'><strong>dixit</strong></span> <span class='ocrx_word' id='word_1_163' title='bbox 1402 2235 1416 2256; x_wconf 86' lang='lat'>,</span> <span class='ocrx_word' id='word_1_164' title='bbox 1458 2210 1630 2248; x_wconf 87' lang='lat' dir='ltr'><strong>tenere</strong></span> <span class='ocrx_word' id='word_1_165' title='bbox 1660 2219 1780 2249; x_wconf 90' lang='lat' dir='ltr'><strong>eum</strong></span> 
     </span>
     <span class='ocr_line' id='line_1_24' title="bbox 403 2274 1781 2344; baseline 0.002 -19"><span class='ocrx_word' id='word_1_166' title='bbox 403 2277 571 2325; x_wconf 90' lang='lat' dir='ltr'><strong>sedem</strong></span> <span class='ocrx_word' id='word_1_167' title='bbox 596 2277 725 2323; x_wconf 88' lang='lat' dir='ltr'><strong>mari</strong></span> <span class='ocrx_word' id='word_1_168' title='bbox 750 2274 1024 2339; x_wconf 83' lang='lat' dir='ltr'><strong>adjacentis</strong></span> <span class='ocrx_word' id='word_1_169' title='bbox 1045 2274 1324 2330; x_wconf 87' lang='lat' dir='ltr'><strong>Salaminis.</strong></span> <span class='ocrx_word' id='word_1_170' title='bbox 1353 2279 1438 2323; x_wconf 90' lang='lat' dir='ltr'><strong>Est</strong></span> <span class='ocrx_word' id='word_1_171' title='bbox 1465 2288 1635 2325; x_wconf 87' lang='lat' dir='ltr'><strong>autem</strong></span> <span class='ocrx_word' id='word_1_172' title='bbox 1664 2296 1781 2344; x_wconf 90' lang='lat' dir='ltr'><strong>pro·</strong></span> 
     </span>
     <span class='ocr_line' id='line_1_25' title="bbox 402 2350 1784 2422; baseline 0.003 -21"><span class='ocrx_word' id='word_1_173' title='bbox 402 2355 580 2420; x_wconf 87' lang='lat' dir='ltr'><strong>prium</strong></span> <span class='ocrx_word' id='word_1_174' title='bbox 602 2353 851 2419; x_wconf 86' lang='lat' dir='ltr'><strong>principis</strong></span> <span class='ocrx_word' id='word_1_175' title='bbox 869 2389 882 2412; x_wconf 90' lang='lat'>‚</span> <span class='ocrx_word' id='word_1_176' title='bbox 915 2350 1113 2400; x_wconf 87' lang='lat' dir='ltr'><strong>nullam</strong></span> <span class='ocrx_word' id='word_1_177' title='bbox 1134 2355 1350 2401; x_wconf 90' lang='lat' dir='ltr'><strong>omnino</strong></span> <span class='ocrx_word' id='word_1_178' title='bbox 1374 2355 1594 2403; x_wconf 82' lang='lat' dir='ltr'><strong>civitatis</strong></span> <span class='ocrx_word' id='word_1_179' title='bbox 1608 2355 1784 2422; x_wconf 79' lang='lat' dir='ltr'><strong>legum¹</strong></span> 
     </span>
     <span class='ocr_line' id='line_1_26' title="bbox 404 2423 1780 2501; baseline 0.001 -19"><span class='ocrx_word' id='word_1_180' title='bbox 404 2442 677 2482; x_wconf 78' lang='lat' dir='ltr'><strong>concutere</strong></span> <span class='ocrx_word' id='word_1_181' title='bbox 692 2468 707 2492; x_wconf 89' lang='lat'>‚</span> <span class='ocrx_word' id='word_1_182' title='bbox 736 2432 823 2480; x_wconf 91' lang='lat' dir='ltr'><strong>sed</strong></span> <span class='ocrx_word' id='word_1_183' title='bbox 848 2423 1036 2480; x_wconf 83' lang='lat' dir='ltr'><strong>statum</strong></span> <span class='ocrx_word' id='word_1_184' title='bbox 1065 2433 1225 2499; x_wconf 89' lang='lat' dir='ltr'><strong>ipsius</strong></span> <span class='ocrx_word' id='word_1_185' title='bbox 1249 2432 1539 2499; x_wconf 75' lang='lat' dir='ltr'><strong>reipublicae</strong></span> <span class='ocrx_word' id='word_1_186' title='bbox 1564 2436 1780 2501; x_wconf 84' lang='lat' dir='ltr'><strong>imperio</strong></span> 
     </span>
     <span class='ocr_line' id='line_1_27' title="bbox 404 2513 1778 2580; baseline 0 -18"><span class='ocrx_word' id='word_1_187' title='bbox 404 2523 694 2562; x_wconf 85' lang='lat' dir='ltr'><strong>constanter</strong></span> <span class='ocrx_word' id='word_1_188' title='bbox 715 2513 877 2572; x_wconf 87' lang='lat' dir='ltr'><strong>tueri,</strong></span> <span class='ocrx_word' id='word_1_189' title='bbox 910 2529 1078 2579; x_wconf 87' lang='lat' dir='ltr'><strong>neque</strong></span> <span class='ocrx_word' id='word_1_190' title='bbox 1105 2513 1388 2580; x_wconf 84' lang='lat' dir='ltr'><strong>quidquam</strong></span> <span class='ocrx_word' id='word_1_191' title='bbox 1415 2531 1509 2562; x_wconf 87' lang='lat' dir='ltr'><strong>suo</strong></span> <span class='ocrx_word' id='word_1_192' title='bbox 1530 2514 1778 2563; x_wconf 86' lang='lat' dir='ltr'><strong>arbitratu</strong></span> 
     </span>
     <span class='ocr_line' id='line_1_28' title="bbox 406 2593 1779 2662; baseline 0 -20"><span class='ocrx_word' id='word_1_193' title='bbox 406 2594 646 2659; x_wconf 86' lang='lat' dir='ltr'><strong>neglectis</strong></span> <span class='ocrx_word' id='word_1_194' title='bbox 663 2593 861 2660; x_wconf 88' lang='lat' dir='ltr'><strong>legibus</strong></span> <span class='ocrx_word' id='word_1_195' title='bbox 881 2593 1064 2656; x_wconf 86' lang='lat' dir='ltr'><strong>facere,</strong></span> <span class='ocrx_word' id='word_1_196' title='bbox 1089 2595 1175 2644; x_wconf 92' lang='lat' dir='ltr'><strong>sed</strong></span> <span class='ocrx_word' id='word_1_197' title='bbox 1195 2613 1307 2662; x_wconf 84' lang='lat' dir='ltr'><strong>quae</strong></span> <span class='ocrx_word' id='word_1_198' title='bbox 1325 2597 1428 2643; x_wconf 85' lang='lat' dir='ltr'><strong>visa</strong></span> <span class='ocrx_word' id='word_1_199' title='bbox 1446 2596 1779 2661; x_wconf 87' lang='lat' dir='ltr'><strong>optimatibus</strong></span> 
     </span>
     <span class='ocr_line' id='line_1_29' title="bbox 410 2671 1778 2741; baseline 0.003 -27"><span class='ocrx_word' id='word_1_200' title='bbox 410 2671 644 2731; x_wconf 88' lang='lat' dir='ltr'><strong>civitatis,</strong></span> <span class='ocrx_word' id='word_1_201' title='bbox 660 2689 753 2721; x_wconf 92' lang='lat' dir='ltr'><strong>suo</strong></span> <span class='ocrx_word' id='word_1_202' title='bbox 771 2672 1012 2739; x_wconf 86' lang='lat' dir='ltr'><strong>suffragio</strong></span> <span class='ocrx_word' id='word_1_203' title='bbox 1033 2674 1378 2741; x_wconf 83' lang='lat' dir='ltr'><strong>comprobare,</strong></span> <span class='ocrx_word' id='word_1_204' title='bbox 1391 2675 1548 2740; x_wconf 90' lang='lat' dir='ltr'><strong>patris</strong></span> <span class='ocrx_word' id='word_1_205' title='bbox 1563 2674 1714 2722; x_wconf 90' lang='lat' dir='ltr'><strong>simul</strong></span> <span class='ocrx_word' id='word_1_206' title='bbox 1730 2683 1778 2719; x_wconf 91' lang='lat' dir='ltr'><strong>et</strong></span> 
     </span>
     <span class='ocr_line' id='line_1_30' title="bbox 411 2746 1773 2818; baseline 0.004 -26"><span class='ocrx_word' id='word_1_207' title='bbox 411 2746 555 2794; x_wconf 92' lang='lat' dir='ltr'><strong>ducis</strong></span> <span class='ocrx_word' id='word_1_208' title='bbox 580 2764 799 2798; x_wconf 88' lang='lat' dir='ltr'><strong>amorem</strong></span> <span class='ocrx_word' id='word_1_209' title='bbox 829 2754 882 2799; x_wconf 93' lang='lat' dir='ltr'><strong>in</strong></span> <span class='ocrx_word' id='word_1_210' title='bbox 903 2753 1153 2817; x_wconf 85' lang='lat' dir='ltr'><strong>subjectos</strong></span> <span class='ocrx_word' id='word_1_211' title='bbox 1173 2750 1549 2813; x_wconf 87' lang='lat' dir='ltr'><strong>ostendentem;</strong></span> <span class='ocrx_word' id='word_1_212' title='bbox 1574 2753 1773 2818; x_wconf 88' lang='lat' dir='ltr'><strong>qualem</strong></span> 
     </span>
     <span class='ocr_line' id='line_1_31' title="bbox 414 2822 1777 2895; baseline 0.003 -24"><span class='ocrx_word' id='word_1_213' title='bbox 414 2823 562 2873; x_wconf 82' lang='lat' dir='ltr'><strong>nobis</strong></span> <span class='ocrx_word' id='word_1_214' title='bbox 581 2822 705 2876; x_wconf 87' lang='lat' dir='ltr'><strong>deus</strong></span> <span class='ocrx_word' id='word_1_215' title='bbox 723 2839 772 2876; x_wconf 89' lang='lat' dir='ltr'><strong>et</strong></span> <span class='ocrx_word' id='word_1_216' title='bbox 798 2839 1089 2895; x_wconf 84' lang='lat' dir='ltr'><strong>temporum</strong></span> <span class='ocrx_word' id='word_1_217' title='bbox 1115 2831 1323 2879; x_wconf 85' lang='lat' dir='ltr'><strong>felicitas</strong></span> <span class='ocrx_word' id='word_1_218' title='bbox 1344 2832 1675 2889; x_wconf 72' lang='lat' dir='ltr'><strong>donaverunt.</strong></span> <span class='ocrx_word' id='word_1_219' title='bbox 1712 2831 1777 2875; x_wconf 90' lang='lat' dir='ltr'><strong>At</strong></span> 
     </span>
    </p>
   </div>
  </div>
 </body>
</html>
