2748 3834
828 500 904 533 ne
938 499 1182 535 mamm
1217 496 1403 531 nYno.
1684 478 1797 540 lxiii

413 587 429 602 “
446 595 576 643 Cum
593 609 654 641 au
662 600 761 642 tem
774 592 837 642 ad
851 594 1134 657 Bosporum
1152 593 1205 640 in
1221 591 1516 640 suburbano
1533 588 1699 639 Graeci
1714 606 1800 638 cu·

442 680 639 746 jusdam
668 681 873 730 litterati
895 698 961 730 ex
983 680 1302 729 Constantini
1327 679 1527 728 Morusi
1560 677 1804 742 principis

448 770 688 821 affinitate
698 770 854 819 libros
869 768 1115 834 quosdam
1130 777 1327 818 veteres
1343 774 1691 833 pertractaret,
1725 767 1804 816 in·

449 860 596 909 venit
616 875 735 907 cum
755 858 879 907 alios
901 859 1147 921 pretiosos
1164 895 1175 916 ,
1209 866 1317 907 tum
1336 858 1391 906 in
1411 857 1587 922 primis
1611 872 1801 917 unum,

449 945 588 1011 Lydi
613 962 764 1011 opera
780 945 842 994 de
859 946 1083 995 Ostentis
1099 945 1262 1011 deque
1286 945 1662 1011 Magistratibus
1685 961 1803 993 con-

449 1035 711 1085 tinentem.
758 1036 916 1084 Hunc
951 1037 1119 1085 statim
1155 1036 1497 1085 illustrissimo
1539 1035 1699 1100 legato
1740 1033 1803 1081 de

450 1123 694 1172 Choiseul
725 1122 912 1173 indicat
945 1143 956 1172 z
986 1127 1076 1189 qui
1111 1143 1228 1175 cum
1266 1124 1621 1191 significasset,
1667 1139 1720 1171 se
1749 1123 1806 1173 in

450 1210 699 1270 desiderio
719 1229 826 1262 esse
843 1214 950 1277 ejus
967 1213 1152 1264 codicis
1163 1253 1177 1278 ,
1202 1233 1318 1264 eum
1335 1213 1488 1279 paulo
1507 1219 1622 1277 post
1635 1228 1664 1259 a
1675 1210 1807 1259 Con-

449 1300 672 1350 stantino
686 1301 886 1350 Morusi
907 1302 1133 1366 principe
1152 1302 1288 1352 dono
1309 1302 1511 1366 accepit.
1531 1301 1653 1349 Erat
1669 1299 1807 1347 enim

449 1389 493 1437 is
514 1389 878 1440 Constantinus
895 1391 985 1440 Bei
1011 1392 1213 1441 Morusi
1236 1399 1344 1440 tum
1365 1391 1471 1455 ipse
1485 1396 1633 1438 acuto
1656 1395 1706 1436 et
1727 1403 1808 1436 su·

451 1478 599 1527 bacto
619 1479 846 1543 ingenio,
869 1487 978 1529 tum
996 1479 1238 1530 adversus
1255 1481 1498 1530 litteratos
1517 1476 1685 1528 studio
1703 1476 1810 1525 sin·

454 1566 616 1630 gulari
647 1586 662 1619 z
700 1584 919 1632 cumque
954 1568 1108 1632 paulo
1134 1577 1250 1618 ante
1283 1569 1583 1618 Valachiam
1607 1581 1809 1615 summo

455 1671 571 1703 cum
606 1656 822 1719 imperio
850 1657 1242 1708 administrasset
1266 1695 1281 1720 ,
1319 1666 1443 1708 tunc
1470 1658 1526 1706 in
1552 1656 1714 1705 hortis
1746 1651 1810 1702 ad

454 1744 739 1808 Bosporum
757 1746 1134 1804 amoenissimis,
1157 1730 1314 1810 inque
1334 1747 1544 1795 mirifica
1560 1746 1812 1793 librorum

454 1849 666 1881 suorum
690 1833 1021 1889 bibliotheca,
1043 1818 1280 1882 felicitate
1298 1836 1455 1898 magis
1471 1834 1636 1883 stabili
1659 1847 1814 1897 quam

455 1937 684 1983 unquam
717 1928 862 1968 antea
905 1918 1180 1966 fruebatur.
1226 1921 1305 1968 Ita
1344 1922 1440 1970 hos
1478 1922 1814 1986 amplissimos

455 2009 617 2070 viros,
638 2024 767 2071 quos
785 2008 883 2066 jam
904 2006 1183 2055 sociaverat
1206 2007 1493 2056 studiorum
1510 1991 1812 2070 similitudo,

455 2102 567 2146 tum
586 2096 742 2161 magis
758 2095 908 2144 etiam
930 2095 1197 2159 conjunxit
1215 2083 1351 2163 Lydi
1374 2096 1520 2159 liber,
1541 2096 1676 2145 dono
1698 2097 1816 2145 m'is·

457 2204 542 2234 sus
557 2194 607 2234 et
621 2193 853 2250 acceptus
872 2202 882 2230 τ
897 2183 1327 2248 quemadmodum
1342 2186 1561 2249 antiquis
1578 2194 1678 2234 tem
1684 2186 1815 2249 pori-

459 2274 578 2335 bus,
610 2273 672 2321 ad
690 2290 803 2337 quae
824 2289 954 2336 saepe
973 2273 1201 2321 animum
1224 2274 1302 2322 illi
1332 2273 1614 2322 referebant
1638 2291 1814 2337 suum,

459 2363 619 2411 claros
639 2361 874 2410 homines
891 2361 1104 2425 legimus
1126 2363 1296 2412 xeniis
1321 2363 1458 2413 ultro
1476 2365 1703 2429 citroque
1726 2363 1816 2412 da·

460 2450 522 2499 tis
542 2449 814 2498 amicitiam
843 2433 1180 2500 confirmasse.

526 2627 736 2679 XXIX.
774 2627 1083 2693 Quanquam
1106 2645 1172 2678 ne
1194 2629 1266 2678 sic
1288 2630 1493 2694 quidem
1519 2631 1696 2696 Lydus
1725 2639 1815 2679 sta-

462 2719 554 2767 tim
570 2718 738 2767 lucem
756 2719 952 2782 aspexit
978 2735 989 2766 :
1014 2718 1153 2782 quod
1171 2719 1226 2768 in
1252 2728 1519 2768 consecuta
1534 2721 1673 2784 regni
1693 2719 1815 2766 Gal-

464 2805 550 2854 lici
565 2806 828 2855 eversione
844 2806 1115 2870 subitoque
1136 2825 1278 2871 casu,
1304 2824 1408 2870 quo
1425 2809 1631 2869 ‚Europa
1650 2805 1814 2854 omnis

1891 2620 1915 2646 Χ
1923 2620 1948 2646 1
1957 2621 1966 2646 1
1974 2620 2011 2647 Χ.

1860 2677 1960 2709 Quare
1975 2683 2039 2703 non

1870 2721 1970 2750 statim
1986 2723 2026 2751 sit

1847 2770 1960 2806 publici
1972 2773 2046 2806 jun:

1895 2816 1999 2848 factus.
