2748 3834
902 518 966 568 9²
1212 515 1340 546 nrm
1373 498 1443 542 ni:
1477 509 1947 542 uAms'rnAtrrnus

899 593 1021 640 αὑτοῦ
1036 589 1132 652 πρὸς
1153 591 1278 648 γα’μον
1295 586 1414 639 ἑλὼν,
1431 583 1495 627 καὶ
1515 581 1652 632 ὅλος*
1626 600 1673 630 ην
1694 582 1853 626 ἐκείνου.
1874 584 2025 627 Νοσῶν
2041 581 2083 627 δὲ
2099 585 2259 647 Καῖσαρ

897 668 941 721 ἐξ
970 671 1093 727 ἀρχῆς
1123 663 1219 723 πρὸς
1254 663 1482 718 Πομπῆἰον,
1511 644 1664 707 Ιουλιάς
1701 655 1774 708 ἤδη
1807 665 1875 708 τῆς
1904 657 2028 702 αὐτοῦ
2057 660 2259 722 θυγατρὸς

894 743 1192 794 τελευτησασης,
1217 738 1311 786 ἣν”
1287 753 1401 795 ετυχε
1425 735 1523 797 πρὸς
1550 738 1677 796 γοίμον
1698 735 1896 799 Πομπηΐῳ
1918 734 2035 792 δοὺς,
2060 739 2130 785 τὴν
2151 737 2259 783 ἐναν-

891 824 972 867 τίαν
1000 821 1233 872 ἠσπάσατο,
1267 815 1331 859 καὶ
1362 816 1522 876 Μάριον
1553 813 1694 874 ἐτίμα,
1727 814 1794 864 καὶ
1823 817 1905 866 τοῖς
1942 815 2064 860 αὐτοῦ
2096 819 2256 878 τρόποις

888 902 1072 959 ἀπήγετο.
1106 895 1342 957 Συγχέοντοιι
1379 886 1448 936 οὖν
1477 895 1598 955 ἄμφω
1631 891 1717 938 κατ’
1747 893 1947 951 ἀλλήλων,
1981 894 2074 939 ὡσεὶ
2107 895 2256 958 κληρο-

886 979 997 1036 νόμοι
1026 978 1103 1020 τῶν
1125 975 1343 1034 τυράννων,
1365 971 1511 1020 ἔθνους
1540 969 1610 1030 μὲν
1639 971 1806 1026 παντὸς,
1841 974 1934 1016 ὅσον
1958 968 2006 1020 ἦν
2035 972 2136 1034 πρὸς
2169 973 2254 1017 ἀνί-

887 1069 1033 1113 σχοντα
1067 1052 1197 1105 ἥλιον,
1225 1047 1445 1109 Πομπηΐῳ,
1473 1045 1686 1110 βαρὸοίρων
1723 1046 1767 1093 δὲ
1803 1052 1981 1105 πάντων,
2025 1053 2111 1094 ὅσοι
2150 1052 2252 1113 πρὸς

885 1128 1049 1174 δύνοντα
1078 1128 1183 1176 ἥλιον
1210 1125 1273 1169 καὶ
1300 1127 1368 1175 τὴν
1397 1129 1541 1188 ἄρκτον
1567 1124 1767 1186 ἐνέμοντο,
1793 1131 1851 1187 τῷ
1878 1127 2054 1190 Καίσαρι
2079 1131 2166 1187 ἅμα
2192 1133 2250 1190 τῷ

884 1211 1126 1271 ςρατιωτικῷ
1155 1205 1483 1267 συναιρονμένων·
1512 1204 1578 1250 καὶ
1608 1203 1707 1255 δῆλα
1734 1205 1785 1250 τὰ
1804 1205 1938 1252 λοιποί.

948 1300 993 1329 2.
1029 1287 1186 1348 Κρατεῖ
1213 1282 1256 1329 δὲ
1288 1289 1367 1330 τῶν
1399 1284 1499 1329 ὅλων
1529 1284 1550 1328 ὁ
1585 1285 1758 1348 Καῖσαρ·
1793 1284 1881 1341 καὶ,
1913 1283 1976 1330 ἐπὶ
2012 1286 2246 1347 τριακοσίοις

880 1365 1140 1424 αἰχμαλώτοις
1168 1363 1420 1427 ἓριαμὸεύων
1449 1362 1695 1422 βασιλεῦσιν,
1722 1362 1871 1413 ἀναὸἀς
1901 1363 1954 1414 εἷς
1977 1366 2044 1413 τὴν
2075 1353 2244 1424 ῥώμην,

878 1443 925 1486 οὐ
956 1441 1173 1499 βασιλέως,
1204 1438 1275 1503 (τί
1298 1440 1336 1486 δ’
1366 1441 1415 1487 ἂν
1447 1441 1503 1494 εἵη
1537 1437 1728 1502 μεῖζονς)
1754 1446 1875 1501 ἤγουν
1905 1445 2107 1532 μοναρχου
2139 1442 2244 1492 τινὸς

879 1518 1073 1579 ὑπέμεινεν
1099 1518 1273 1566 ὑπελθεῖν
1301 1518 1579 1582 προσηγορίαν·
1610 1519 1731 1571 ἄλλην
1768 1515 1812 1561 δέ
1840 1533 1927 1563 τινα
1954 1517 2020 1561 καὶ
2051 1523 2098 1576 τῇ·
2143 1517 2243 1579 τύχῃ

876 1597 1109 1656 ἠγνοημένην
1144 1597 1267 1651 ἐζήτει
1305 1603 1431 1658 τιμήν.
1471 1599 1534 1647 Ως
1568 1597 1646 1659 γὰρ
1684 1594 1730 1640 ἐκ
1755 1598 1826 1640 τοῦ
1856 1593 2109 1641 Καπιτωλίου
2144 1611 2244 1654 μετα

875 1674 940 1718 τὸν
971 1675 1209 1737 ἓρίαμὸον’
1191 1675 1254 1723 επὶ
1282 1678 1349 1725 τὴν
1380 1674 1567 1734 βουλὴν’
1549 1677 1729 1739 εφέρετο,
1760 1672 2018 1737 ἐκδραμόντος
2040 1672 2142 1724 τινὸς
2165 1677 2241 1719 τῶν

874 1750 913 1796 ἐν
946 1755 1042 1798 τέλει
1075 1762 1142 1805 τῆς
1180 1761 1345 1817 ςρατιοῖς
1361 1789 1378 1813 ,
1414 1756 1479 1800 καὶ
1514 1756 1686 1817 ς-έφανον
1723 1755 1927 1815 ἀγνοοῦντι
1963 1753 2236 1815 περιθεμένου,

871 1829 999 1874 λαὸὼν
1028 1832 1147 1883 αὐτὸς
1176 1832 1330 1895 ἔρῥιψεν
1360 1835 1611 1894 ἀγανακτῶν,
1644 1834 1697 1883 ὡς
1728 1833 1837 1894 ὕὸριν
1865 1832 2068 1892 ὑπομένειν
2089 1829 2240 1889 ὑπολα-

871 1904 968 1961 Θὼν,
994 1925 1023 1951 ει
1017 1907 1226 1965 ’βασιλεὺς
1242 1911 1474 1999 χρηματίσοι
1493 1911 1514 1954 ὁ
1532 1909 1748 1959 τοσούτους
1770 1907 1958 1965 βασιλέας
1981 1909 2034 1957 εἷς
2057 1906 2234 1952 δουλείαν

870 1980 1109 2043 ὑπαγαγὼν,
1144 1986 1206 2028 καὶ
1240 1986 1359 2036 αυτὴν
1387 1985 1430 2030 δὲ
1457 1989 1525 2033 τὴν
1546 1987 1666 2038 τύχην
1698 1986 1809 2027 ἑλών.
1830 1987 1971 2030 Οὕτως
2004 1983 2230 2041 ἐμφορηθεὶς

836 2087 845 2096 .
869 2061 952 2106 ταῖς
975 2059 1225 2116 εὐπραγίαις,
1256 2054 1395 2105 ἠξίωσε
1416 2054 1528 2113 μόλις
1550 2055 1646 2103 θεός
1666 2070 1708 2098 τε
1726 2057 1813 2112 ἅμα
1831 2053 1896 2097 καὶ
1919 2040 1968 2084 *)
1998 2054 2201 2117 ἀρχιερεὺς
2215 2089 2232 2111 ,

825 2174 835 2184 ,
867 2133 930 2177 καὶ
960 2135 1128 2188 ὕπατος,
1157 2132 1221 2175 καὶ
1257 2134 1452 2193 μόναρχος
1477 2131 1607 2187 ἐσαεὶ,
1634 2129 1699 2176 καὶ
1723 2121 1916 2190 Ρωμαίων
1947 2130 2017 2190 μὲν
2045 2137 2230 2194 πρῶτος,

863 2210 1068 2271 ἐπίτροπος
1109 2207 1151 2252 δὲ
1188 2212 1263 2252 τῶν
1300 2210 1529 2268 ἁπανταχου
1563 2206 1778 2265 βασιλέων,
1811 2208 1876 2252 καὶ
1913 2212 2111 2271 ἵππαρχος
2117 2243 2134 2266 ,
2163 2211 2230 2254 καὶ

862 2289 988 2348 πατὴρ
1022 2284 1229 2347 πατρίδος,
1257 2285 1322 2329 καὶ
1349 2284 1570 2347 ςρατηγὸς,
1591 2285 1656 2329 καὶ
1686 2281 1816 2347 φύλαξ
1833 2285 2008 2341 πόλεως,
2033 2286 2098 2330 καὶ
2119 2292 2228 2350 πρῶ-

860 2382 925 2414 τος
957 2351 1168 2426 δημάρχων
1201 2365 1462 2426 χρηματίσαι,
1489 2363 1614 2416 ςολὴν
1642 2367 1766 2410 ταῦτα
1794 2367 1925 2411 πάντα
1958 2365 2223 2426 σημαίνουσαν

860 2441 1022 2492 ὓποῶῦς.
1055 2442 1137 2487 Καὶ
1164 2445 1288 2502 ὄνομα
1320 2443 1390 2503 μὲν
1418 2442 1515 2503 αὐτῇ
1545 2442 1818 2506 τριουμφάλια·
1850 2442 1942 2487 ουδὲ
1970 2445 2046 2505 γαρ
2074 2442 2121 2492 ἧν
2150 2447 2222 2489 εὕ-

859 2536 981 2582 πορον
1024 2521 1126 2565 οὕτω
1167 2521 1464 2581 πολυσῄμαντον
1506 2518 1691 2584 ἐξευρεῖν
1706 2527 1752 2580 τῇ
1799 2519 1900 2580 ςολῆ
1939 2537 2218 2583 προσηγοριαν.

859 2598 990 2642 Χιτὼν
1027 2596 1069 2642 δὲ
1102 2615 1171 2655 ην,
1199 2597 1308 2643 ἔνδον
1335 2599 1404 2659 μὲν
1436 2598 1479 2642 ἐκ
1501 2599 1728 2678 πορφύρας,
1764 2599 1910 2644 ἄνωθεν
1935 2594 1972 2639 ¹)
2006 2597 2049 2642 δὲ
2067 2599 2216 2661 χρυσός

858 2676 980 2733 ὅλως,
1007 2680 1138 2742 ὥσπερ
1162 2676 1384 2732 ἐλασθέντος
1403 2674 1626 2730 διεςηκὼς
1611 2680 1679 2724 τοῦ
1702 2681 1868 2742 χρυσοῦ·
1886 2675 1950 2722 καὶ
1969 2677 2094 2740 λῶρος
2113 2681 2216 2723 ἅνω·
2258 2739 2263 2744 .

907 2855 949 2905 ι)
975 2854 1085 2910 Lego
1106 2855 1250 2903 ἔξωθεν.’
