2748 3834
431 508 1788 532 mmmmwwmmmmmmwm

829 615 1008 673 PRO
1027 615 1383 678 OEMIUM.

429 739 760 817 SAcmno‘ms
784 769 933 815 initio
956 766 1133 826 fuisse,
1165 768 1256 834 qui
1282 778 1450 833 postea
1477 769 1792 836 magistratus

431 845 719 911 reipublicae
739 849 1000 905 Romanae,
1033 845 1186 911 vulgo
1217 862 1369 894 nemo
1402 847 1600 912 ignorat
1630 866 1640 894 :
1673 851 1792 912 Tyr·

431 923 624 972 rhenus
649 925 871 992 quippe,
908 939 1025 971 cum
1051 941 1078 971 e
1101 924 1259 984 Lydia
1283 925 1337 972 in
1362 924 1684 973 Occidentem
1703 929 1794 973 mi·

432 1011 637 1069 grasset,
668 1018 798 1068 quos
822 1006 1054 1050 Etruscos
1078 1013 1187 1051 tum
1212 1003 1456 1055 vocabant
1475 1004 1606 1068 (erat
1622 1014 1794 1052 autem

433 1097 555 1147 gens
577 1082 811 1142 Sicana),
842 1081 1101 1142 Lydorum
1133 1082 1365 1142 mysteria
1389 1082 1626 1142 edocuit;
1667 1099 1797 1148 quos

433 1169 630 1210 mutato
654 1162 864 1208 nomine
883 1160 946 1208 ab
969 1160 1290 1226 haruspicina
1314 1160 1535 1210 Thuscos
1557 1160 1798 1227 adpellari

435 1239 662 1304 contigi-t.
684 1242 753 1286 Ac
775 1238 838 1287 de
859 1238 938 1286 his
958 1238 1151 1304 prolixe
1172 1240 1359 1287 scimus
1380 1256 1471 1289 nos
1494 1253 1797 1287 commemo·

435 1332 564 1365 rasse
589 1318 644 1365 in
670 1317 801 1365 libro
823 1319 992 1384 primo
1020 1327 1282 1375 tractatus,
1317 1333 1471 1383 quem
1498 1317 1801 1383 conscripsi-

435 1411 552 1443 mus
584 1395 647 1443 de
682 1395 956 1444 mensibus.
997 1398 1121 1444 Nam
1164 1396 1380 1461 insignia
1415 1397 1800 1463 magistratuum

436 1488 523 1520 rex
560 1475 725 1521 Numa
759 1490 787 1521 a
822 1473 1032 1522 Thuscis
1074 1483 1304 1521 mutuata
1339 1475 1393 1523 in
1434 1471 1801 1542 rempublicam

441 1550 750 1610 introduxit,
797 1552 946 1599 sicuti
981 1562 1030 1599 et
1063 1568 1323 1600 armorum
1365 1550 1525 1607 robur
1561 1567 1588 1597 a
1633 1548 1800 1597 Gallis.

441 1629 712 1677 Testantur
744 1627 846 1675 haec
880 1630 1058 1695 Capito
1085 1638 1135 1676 et
1169 1630 1439 1687 Fonteius,
1474 1644 1502 1677 e
1531 1626 1722 1692 quibus
1755 1635 1805 1673 et

440 1704 761 1754 doctissimus
794 1708 982 1766 Varro,
1025 1723 1202 1755 omnes
1234 1707 1481 1765 Romani3
1531 1714 1646 1771 post
1679 1719 1808 1770 quos

442 1781 708 1831 Sallustius
734 1782 819 1830 ille
846 1783 1122 1833 historicus
1142 1774 1198 1831 i‘n-
1225 1784 1358 1833 libro
1385 1784 1556 1848 primo
1579 1782 1807 1830 historia·

443 1874 558 1907 rum
597 1876 704 1907 rem
737 1861 1004 1924 perspicue
1041 1860 1202 1908 docet.
1227 1863 1394 1906 Restat
1419 1860 1576 1924 igitur
1592 1895 1606 1918 ,
1654 1869 1715 1906 ut
1748 1857 1810 1905 de

444 1936 780 2000 potestatibus
806 1936 1040 1983 civilibus
1071 1935 1411 2000 exponamus,
1445 1935 1586 1999 quod
1608 1951 1638 1994 a
1659 1950 1814 1982 sacer·

443 2010 599 2058 dotali
628 2010 808 2058 ordine
837 2009 1036 2057 civilem
1056 2011 1120 2058 ad
1146 2009 1363 2058 formam
1396 2010 1644 2062 translatae
1677 2020 1813 2057 sunt.
1852 2032 1854 2034 ·

442 2090 602 2137 Nemo
634 2089 806 2154 itaque
839 2104 933 2136 nos
965 2088 1246 2154 discrepare
1272 2083 1337 2135 ab
1369 2088 1431 2134 iis
1448 2123 1462 2146 ,
1494 2104 1606 2151 quae
1629 2097 1818 2134 veteres

447 2165 696 2214 tradidere
708 2203 721 2226 ,
748 2167 1004 2215 'existimet
1018 2204 1031 2226 ,
1058 2168 1158 2215 nisi
1178 2167 1271 2232 qui
1290 2165 1419 2213 forte
1440 2164 1662 2213 absonus
1678 2174 1820 2212 certae

449 2245 670 2303 rationi,
706 2244 908 2293 invidiae
941 2245 1152 2304 cedens,
1185 2243 1386 2293 laudem
1418 2244 1819 2291 commutaverit.

451 2320 804 2370 Gracchanum
834 2322 1107 2388 quemdam
1135 2322 1198 2372 de
1221 2321 1303 2369 his
1331 2322 1481 2369 etiam
1507 2319 1631 2368 olim
1667 2321 1820 2385 scrip-

453 2399 571 2447 sisse
587 2435 600 2459 ,
626 2401 814 2447 scimus
837 2416 865 2446 a
891 2399 1268 2464 jurisconsultis
1295 2398 1501 2458 referri3
1533 2400 1717 2464 scripta
1735 2414 1821 2445 au-

455 2487 559 2526 tem
574 2478 679 2543 ipsa
704 2476 910 2526 fortasse
926 2495 1181 2545 nusquam
1201 2487 1398 2527 exstant
1409 2514 1422 2537 ,
1439 2477 1758 2542 omninoque
1775 2487 1823 2524 et

456 2554 542 2603 illa
556 2565 759 2622 tempus
772 2558 1023 2623 peperisse
1039 2557 1194 2606 simul
1210 2567 1260 2606 et
1278 2554 1594 2606 abscondisse
1606 2554 1820 2602 videtur.

459 2667 575 2707 editis
585 2697 598 2720 ‚
614 2669 696 2710 duo
711 2663 874 2712 tannim
888 2673 1022 2727 reperi
1042 2686 1051 2712 :
1069 2686 1245 2726 quorum
1260 2672 1435 2713 alterum
1451 2675 1604 2725 spectat
1621 2670 1670 2709 ad
1686 2681 1825 2710 vocem

460 2731 627 2771 veredus
643 2736 717 2783 (v.
742 2749 816 2784 111,
841 2739 888 2777 61
905 2738 946 2790 >3
973 2738 1147 2778 alterum
1166 2737 1274 2778 notis
1288 2739 1351 2788 (v.
1372 2750 1427 2787 11,
1455 2737 1500 2786 4)
1516 2733 1684 2775 inserui.

519 2798 566 2846 4)
592 2798 704 2852 Lego
729 2803 882 2854 ἱςοριῶν,

521 2861 570 2911 5)
596 2865 656 2901 καὶ
673 2863 726 2903 ob
740 2865 950 2917 sequentia
964 2865 1063 2907 fem·
1084 2878 1169 2906 non
1192 2871 1335 2919 potest.

1586 2953 1603 2981 Ι
1635 2943 1654 2964 2
