2748 3834
890 449 1039 512 lxviij
1310 446 1820 498 coMMizNTAnms

892 557 1173 622 Imperialis
1189 555 1416 603 custodia
1430 557 1726 602 Graecorum
1734 553 2136 612 Latinorumque
2151 567 2232 597 co-

888 646 1058 694 dicum
1076 641 1203 689 mihi
1213 640 1548 687 mandaretur.
1560 638 1713 699 Quod
1721 637 1943 687 officium
1956 637 2236 700 utprimum

886 729 1055 789 tenui,
1078 744 1251 775 omnes
1265 743 1424 789 cuma,
1442 726 1793 791 cogitationes,
1818 724 1983 774 studia
2003 723 2065 774 ad
2084 741 2238 772 unam

884 832 1125 867 revocare
1172 832 1280 863 rem
1325 815 1583 878 oportuit,
1642 814 1977 878 codicumque
2032 813 2239 861 Graeco-
2285 811 2291 820 “

883 922 1000 954 rum
1035 904 1265 953 omnium
1286 940 1300 966 ‚
1347 904 1598 966 proximis
1631 904 1978 969 superioribus
2002 902 2146 950 annis
2170 917 2237 950 ex

885 993 1043 1057 variis
1080 991 1238 1039 Italiae
1270 988 1469 1054 oppidis
1499 1007 1627 1055 eque
1662 994 1787 1042 urbe
1820 993 1927 1057 ipsa
1958 993 2014 1040 in
2045 990 2236 1039 Biblio-

885 1079 1085 1128 thecam
1139 1085 1490 1142 congestorum
1529 1117 1544 1144 ,
1601 1081 1886 1143 notationes
1935 1079 2183 1130 conficere
2220 1117 2234 1143 ,

882 1185 987 1217 non
1027 1184 1139 1230 quae
1176 1168 1384 1216 nomina
1419 1177 1685 1219 auctorum
1714 1170 1990 1235 titulosque
2022 1184 2236 1232 operum

880 1255 1045 1305 n'udos
1063 1255 1307 1305 haberent
1325 1295 1339 1320 ,
1362 1258 1448 1306 sed
1471 1277 1584 1323 quae
1607 1268 1800 1308 aetatem
1821 1296 1834 1322 ‚
1862 1259 2107 1308 virtutem
2123 1294 2136 1318 ‚
2157 1273 2236 1304 ar-

879 1353 1115 1409 gumenta
1150 1345 1383 1395 codicum
1411 1356 1639 1404 accurate
1670 1348 1950 1398 indicarent
1974 1365 1983 1393 :
2014 1354 2069 1394 ut
2093 1345 2234 1409 quic·

880 1433 1000 1497 quid
1036 1434 1278 1498 cujusque
1309 1437 1526 1495 auctoris
1548 1436 1727 1484 inediti
1761 1436 1948 1484 editive
1984 1435 2036 1482 in
2069 1434 2234 1496 singu·

878 1520 939 1568 lis
976 1519 1110 1569 foliis
1147 1524 1607 1588 manuscriptorum
1646 1533 1809 1585 esset,
1870 1540 1975 1573 uno
2033 1527 2237 1583 aspectu

879 1619 1278 1673 cognosceretur.
1333 1612 1410 1659 Ita
1451 1612 1687 1661 involavi
1726 1612 1779 1659 in
1823 1610 1956 1658 hanc
1999 1625 2234 1672 operam,

879 1714 982 1745 non
1020 1698 1170 1746 modo
1197 1700 1337 1763 jussu
1369 1700 1729 1750 Praesectorum
1768 1699 2124 1757 Bibliothecae,
2150 1694 2237 1744 sed
2294 1745 2297 1747 .

882 1784 1077 1848 impetu
1119 1788 1266 1835 etiam
1314 1791 1415 1837 acri
1447 1789 1667 1853 quodam
1693 1789 1877 1849 animi,
1910 1805 1967 1836 ac
1999 1787 2237 1836 volunta-

882 1872 945 1919 tis
967 1890 976 1917 ε
1016 1874 1219 1921 taedium
1255 1882 1423 1922 autem
1445 1912 1455 1935 ,
1495 1892 1599 1937 quo
1621 1867 1766 1922 facile
1789 1875 2088 1937 intelligitur
2110 1874 2237 1934 ejus-

883 1960 1023 2007 modi
1050 1961 1270 2008 laborem
1297 1978 1399 2007 non
1427 1978 1592 2008 carere
1611 1977 1628 2020 ‚‘
1657 1961 1891 2018 levabat,
1928 1969 2077 2023 atque
2112 1959 2236 2006 adeo

882 2048 1149 2094 amovebat
1179 2065 1289 2110 spes
1319 2047 1468 2111 (quae
1504 2065 1604 2095 non
1641 2048 1852 2096 omnino
1886 2065 1966 2096 me
2002 2046 2235 2107 fefeltit),

880 2150 963 2181 me
996 2143 1337 2198 reperturum!
1373 2136 1426 2183 in
1452 2135 1532 2183 his
1555 2135 1814 2184 codicibus
1838 2174 1851 2197 ,
1893 2137 2118 2184 abstrusa
2144 2135 2237 2183 ali-

882 2238 979 2284 qua
1015 2258 1027 2282 ,
1074 2238 1130 2268 ac
1174 2222 1287 2269 luce
1319 2239 1420 2270 non
1454 2222 1674 2287 indigna.
1709 2224 1805 2272 Sed
1844 2224 2047 2271 interim
2081 2223 2236 2288 depo-

884 2308 1049 2358 nenda
1092 2317 1196 2357 erat
1235 2310 1400 2358 omnis
1438 2310 1500 2358 de
1545 2311 1694 2376 Lydo
1746 2312 1991 2376 cogitatio.
2034 2313 2232 2374 Quare,

884 2397 1123 2462 quoniam
1145 2398 1252 2462 ipse
1286 2416 1494 2447 munere
1523 2398 1666 2464 fungi
1698 2417 1811 2448 meo
1843 2417 1946 2448 non
1982 2408 2234 2464 poteram,

883 2495 1058 2535 auctor
1089 2485 1197 2545 fui,
1236 2494 1292 2534 ut
1325 2487 1448 2535 liber
1477 2487 1539 2534 de
1568 2488 1944 2550 Magistratibus
1971 2490 2234 2552 separatim

883 2575 1137 2637 ederetur,
1171 2592 1390 2640 curaque
1423 2575 1737 2624 describendi
1775 2576 2106 2641 vertendique
2130 2580 2234 2642 ejus

882 2663 1169 2712 crederetur
1181 2663 1481 2712 adolescenti
1495 2665 1811 2713 ornatissimo
1826 2666 2096 2714 Dominico
2107 2668 2236 2715 Fuss

879 2752 1252 2803 Marcodurano
1278 2770 1288 2800 :
1314 2753 1403 2817 qui
1423 2753 1594 2801 relicta
1612 2753 1909 2818 Germania,
1947 2755 2034 2803 ubi
2054 2753 2231 2803 felicis-
