2748 3834
536 502 912 539 nzirunmcue
947 501 1216 539 ROMANAE
1250 501 1358 537 ιη.
1393 502 1456 536 11.
1590 488 1686 555 ¹39

233 615 241 635 ,
320 575 627 637 creduntur,
662 588 713 626 et
742 592 921 630 cursus
953 575 1223 641 publicus,
1247 588 1298 623 et
1327 579 1490 641 gravis
1512 578 1686 632 multi.-

321 654 446 706 tudo
463 655 906 722 magistrianorum
917 690 931 713 ‚
946 653 1059 719 (qui
1079 652 1203 704 olim
1225 650 1553 705 frumentarii
1564 656 1688 713 dieti

320 743 442 781 sunt
455 733 498 799 ‚)
515 744 566 782 et
581 731 777 788 fabricoe
796 743 1116 804 potestasque
1132 748 1392 782 armorum
1407 750 1420 792 ;
1445 748 1622 787 verum
1639 744 1693 787 et

322 810 549 867 civilium
578 813 789 880 iusuper
815 828 986 865 rerum
1021 809 1393 862 administratio
1410 847 1424 871 ‚
1443 827 1500 859 ac
1523 812 1693 877 primi-

322 904 426 953 pue
451 892 595 939 Petro
626 890 701 938 illi
738 890 1038 949 clarissimo,
1075 888 1353 942 virtutibus
1378 888 1518 940 nulla
1550 890 1604 942 in
1637 906 1693 940 re

324 968 565 1033 cuiquam
603 968 842 1017 secundo,
890 970 1160 1016 Conservat
1192 969 1330 1016 enim
1370 968 1692 1035 custoditque

322 1044 514 1106 aulam,
549 1062 643 1094 nec
680 1049 958 1095 Romanam
1000 1047 1195 1112 respuit
1236 1039 1663 1112 magnificentiam
1678 1084 1692 1109 ,

324 1141 477 1191 quam
509 1119 652 1191 paene
680 1127 951 1175 extinctam
982 1127 1214 1192 priorum
1243 1127 1465 1186 inscitia,
1491 1136 1550 1175 ut
1574 1137 1692 1193 pote

324 1205 524 1269 sapiens
554 1203 778 1266 etylibris
812 1221 975 1270 usque
1003 1204 1232 1263 deditus,
1270 1205 1503 1253 restituit.
1544 1207 1694 1271 Leges

325 1291 494 1332 autem
512 1318 526 1342 ‚
550 1283 592 1330 si
616 1283 733 1349 quis
748 1284 964 1335 omnino
978 1319 991 1343 ,
1017 1282 1226 1343 callens,
1248 1281 1439 1349 quibus
1461 1299 1489 1330 a
1510 1285 1696 1332 teneris

326 1359 621 1427 unguiculis
638 1360 869 1412 imbutus
881 1371 970 1421 est,
989 1362 1274 1429 petentium
1290 1358 1601 1413 defensorem
1622 1377 1673 1410 se
1682 1398 1701 1422 ,.

325 1455 382 1487 ac
406 1456 668 1488 summum
707 1441 1052 1507 magistratum
1071 1477 1084 1500 ,
1117 1440 1428 1508 dignamque
1452 1449 1695 1506 potestate

326 1520 615 1584 gravitatem
637 1554 651 1579 ,
677 1518 914 1590 idemque
934 1530 1142 1573 acutum
1162 1537 1213 1570 se
1227 1518 1451 1586 judicem
1474 1529 1523 1567 et
1548 1517 1704 1568 nudoe·

323 1596 529 1661 justitiae
539 1597 591 1644 in
600 1597 880 1662 judicando
889 1598 1133 1649 cultorem
1149 1597 1389 1661 ostendit3
1400 1611 1566 1664 neque
1576 1613 1697 1647 eum

329 1690 561 1740 unquam
573 1673 767 1725 facilem
779 1675 1233 1729 fortuna'reddidit.
1250 1679 1544 1732 Mansuetus
1558 1676 1698 1727 enim

329 1761 402 1799 est
425 1762 476 1801 et
500 1752 783 1815 humanus3
810 1765 861 1802 at
886 1772 992 1808 non
1017 1754 1166 1814 levis,
1194 1770 1373 1821 *neque
1409 1752 1646 1823 precibus
1668 1767 1699 1804 a

330 1830 436 1897 lege
456 1830 708 1894 flectitur3
732 1833 820 1887 sed
847 1833 1028 1886 firmus
1045 1831 1199 1886 simul
1223 1829 1322 1892 est‘,
1357 1831 1699 1898 praevidetque

327 1910 630 1963 adeuntium
663 1921 895 1974 conat-us„
919 1909 1132 1962 Nullum
1158 1926 1277 1962 vero
1302 1918 1505 1978 tempus
1529 1908 1700 1961 remis-

295 2039 298 2041 ,
328 1987 560 2040 sionibus
582 1989 865 2041 concedens
881 2025 894 2050 ‚
915 1998 1064 2040 nocte
1087 1987 1258 2046 libris,
1279 1985 1361 2038 die
1379 1987 1597 2051 ‚negotiis
1620 1991 1701 2037 va-

329 2076 435 2121 cat:
457 2058 588 2133 quin
616 2066 770 2121 domo
789 2067 844 2119 in
867 2065 1036 2118 aulam
1059 2065 1169 2116 iens
1185 2100 1198 2124 ,
1231 2079 1334 2115 non
1359 2061 1589 2132 quolibet
1604 2080 1703 2112 ser·
1744 2110 1749 2116 ,

328 2156 784 2209 ωοῐιεμοοῃῑεηωε,
799 2142 1166 2214 quaestionib‘us
1178 2142 1388 2193 literatis
1403 2151 1452 2193 et
1471 2142 1703 2207 antiqua-

330 2241 447 2273 rum
458 2242 631 2279 rerum
641 2224 1123 2277 commemoratione
1133 2237 1250 2273 cum
1266 2219 1448 2272 harum
1465 2218 1702 2271 studiosis

299 2329 303 2332 ⁴
333 2314 549 2353 tenetur.
572 2307 747 2371 Neque
766 2314 839 2356 est
860 2303 1029 2355 ullum
1054 2302 1101 2350 ei
1123 2310 1325 2370 tempus
1350 2298 1699 2350 doctrinarum

333 2384 651 2434 incuriosum
663 2420 677 2444 ‚
704 2392 764 2433 ut
780 2382 1041 2435 literatum
1059 2379 1288 2431 doctores
1304 2392 1572 2427 occursum
1592 2375 1702 2441 ejus

331 2463 863 2531 metuant-,angustiis
891 2462 1031 2515 enim
1070 2475 1154 2508 eos
1180 2457 1412 2523 dolisque
1445 2453 1702 2523 implicat,

333 2542 556 2598 modeste
571 2543 826 2598 sciscitans
839 2578 853 2602 ‚
870 2551 930 2592 ut
955 2539 1235 2606 loquantur
1251 2534 1404 2590 modo
1424 2550 1562 2596 {11011
1579 2542 1704 2583 sunt

337 2606 504 2668 autem
525 2623 609 2669 isti
625 2621 745 2669 tales
760 2657 773 2680 ,
798 2619 971 2686 quales
993 2634 1077 2666 eos
1099 2616 1229 2664 fama
1247 2610 1554 2662 circumfert.
1574 2609 1703 2657 Mihi

338 2713 457 2744 vero
488 2700 738 2764 praecipue
776 2698 1012 2763 caligines
1051 2713 1156 2744 non
1187 2709 1363 2761 parvas
1394 2699 1562 2740 movet
1594 2688 1702 2751 ejus

341 2775 652 2824 consuetudo
671 2794 680 2823 :
697 2777 884 2824 etenim
905 2774 1123 2822 delector
1138 2790 1214 2832 eo,
1229 2772 1349 2837 quia
1365 2770 1533 2818 bonus
1547 2763 1702 2814 simul

338 2862 387 2900 et
407 2850 650 2911 liberalis,
674 2862 967 2918 remotaque
998 2851 1177 2899 stolida
1204 2848 1485 2913 arrogantia
1507 2841 1702 2904 „comis

918 2939 922 2943 ·
1364 2924 1421 2970 18
1446 2931 1467 2953 ²
