2748 3834
553 517 933 555 urrunmcat
967 520 1242 554 nonnum
1275 521 1377 555 mn.
1418 523 1477 556 rr.
1626 510 1718 569 143

348 594 566 663 publicae
580 593 824 643 festinans
832 628 845 653 ,
854 608 1166 659 omnemque
1174 595 1376 660 antiqui
1385 606 1543 647 status
1555 597 1720 667 splen-

348 674 524 723 dorem
543 689 805 734 revocans,
829 673 1058 739 primum
1081 671 1291 739 quidem
1305 709 1318 732 ‚
1341 689 1496 739 quem
1522 676 1719 741 μείω.

349 763 462 803 tum
492 751 704 815 Scythia:
730 760 935 812 vocant,
967 752 1277 818 excogitavit.
1303 754 1427 801 Nam
1452 769 1571 802 cum
1594 767 1720 806 esset

349 834 575 899 sapiens,
607 842 658 881 et
686 833 872 898 scripta
904 829 1110 879 volvens
1143 831 1406 897 reperisset
1421 868 1435 891 ‚
1460 833 1728 899 regionem·

349 929 468 962 cum
507 911 694 979 opibus
733 909 1043 959 fortunatam
1079 918 1191 958 tum
1236 911 1390 959 armis
1419 910 1634 960 validam
1667 922 1722 963 et

350 1005 493 1039 nunc
524 1005 657 1048 esse,
695 998 746 1037 et
769 988 893 1037 olim
931 987 1108 1049 fuisse3
1142 995 1336 1055 (quam
1365 1005 1483 1040 cum
1517 991 1719 1056 primus

347 1082 467 1116 cum
493 1064 739 1115 Decebalo
757 1103 772 1126 ,
795 1069 1036 1115 Getarum
1067 1083 1180 1133 rege
1194 1103 1208 1128 ,
1227 1080 1461 1116 summus
1478 1068 1717 1135 princeps

345 1145 590 1210 Trajanus
606 1146 805 1194 vicisset
819 1183 832 1206 ,
865 1146 1204 1212 quinquagies
1220 1156 1432 1195 centena
1452 1147 1611 1196 millia
1629 1163 1715 1196 au-

346 1224 417 1283 ri,
449 1240 504 1272 ac
526 1223 784 1291 duplicem
802 1226 997 1290 argenti
1019 1218 1263 1274 librarum
1283 1242 1581 1287 numerum,
1597 1243 1717 1292 prae·

345 1311 422 1349 ter
445 1302 627 1368 pocula
656 1313 706 1352 et
729 1319 842 1352 vasa
866 1304 1047 1369 quovis
1082 1305 1247 1369 pretio
1275 1304 1463 1369 majora
1478 1340 1492 1364 ‚
1526 1320 1715 1370 greges-

345 1398 447 1447 que
470 1391 521 1430 et
542 1398 679 1431 arma
696 1419 709 1442 ,
744 1383 972 1431 virorum
1011 1393 1180 1431 autem
1217 1382 1712 1436 bellicosissimorum

333 1459 461 1525 plus
498 1462 775 1527 quinquies
808 1470 1019 1509 centena
1062 1461 1221 1509 millia
1258 1478 1363 1509 una
1388 1477 1505 1510 cum
1532 1462 1714 1520 armis,

342 1540 582 1587 Romanis
593 1539 827 1600 abduxit,
844 1539 1279 1606 quemadmodum
1295 1540 1454 1600 Crito,
1470 1540 1563 1605 qui
1580 1538 1715 1588 bello

344 1615 667 1677 interfuerat,
686 1617 1006 1681 adfirmavit)
1031 1619 1137 1683 ipse
1152 1654 1166 1677 ‚
1191 1617 1333 1665 nulla
1355 1619 1408 1665 in
1431 1611 1490 1666 re‘
1500 1618 1714 1682 Trajano

342 1694 544 1754 cedens,
562 1684 995 1762 Septentrionem,
1012 1697 1103 1761 qui
1114 1696 1217 1759 jam
1237 1694 1514 1761 aliquando
1529 1696 1713 1762 jugum

340 1771 612 1837 abjecerat,
631 1775 874 1822 Romanis
902 1790 1095 1822 servare
1116 1775 1394 1823 constituit.
1420 1777 1519 1823 Nec
1540 1774 1714 1822 mirari

340 1849 483 1911 licet,
515 1852 561 1899 ei
592 1853 764 1900 omnia
784 1869 812 1899 e
834 1861 953 1901 voto
978 1853 1176 1899 cessisse
1199 1873 1208 1898 :
1233 1868 1400 1917 neque
1435 1853 1572 1899 enim
1600 1855 1713 1899 Tra-

334 1927 517 1991 janum
540 1939 741 1977 tantum
760 1930 913 1976 armis
931 1928 1196 1976 aemulatus
1214 1938 1308 1988 est,
1337 1935 1514 1976 verum
1543 1930 1711 1994 ipsum

295 2038 299 2041 -
335 2008 620 2071 Augustum
643 2009 830 2070 pietate
854 2008 910 2052 in
936 2006 1090 2065 deum
1118 2023 1427 2070 morumque
1445 2007 1714 2068 modestia,

260 2132 263 2135 ,
334 2092 386 2131 et
409 2083 580 2131 Titum
606 2084 922 2149 integritate,
947 2092 996 2131 et
1022 2083 1249 2131 Marcum
1274 2082 1546 2148 prudentia
1566 2100 1712 2150 supe·
1744 2110 1750 2116 ·

335 2163 476 2212 ravit.

405 2257 484 2306 29.
514 2241 702 2306 Igitur,
723 2250 782 2288 ut
806 2240 961 2287 modo
987 2239 1123 2300 dixi,
1142 2238 1444 2305 >praefectum
1464 2275 1477 2298 ‚
1515 2241 1711 2300 Scythi-

299 2328 303 2331 ’
335 2335 509 2368 carum
557 2316 820 2385 copiarum
867 2319 1274 2378 moderatOrem,
1319 2329 1481 2379 creat,
1526 2320 1710 2392 additis

336 2399 500 2447 tribus
525 2400 760 2447 omnium
796 2397 899 2447 fere
934 2399 1196 2448 ditissimis
1225 2399 1502 2465 provinciis
1522 2436 1534 2459 ‚
1570 2403 1709 2448 Cera-

335 2478 479 2539 sfide,
495 2480 628 2544 (quae
644 2495 786 2527 nunc
801 2489 999 2528 mutato
1021 2480 1231 2530 nomine
1243 2495 1270 2526 a
1285 2477 1518 2544 Cypride,
1533 2494 1707 2526 secun-

335 2556 460 2604 dum
477 2555 698 2604 fabulam
722 2559 776 2606 in
795 2575 850 2607 ea
872 2558 1031 2619 culta,
1051 2562 1248 2625 Cyprus
1266 2567 1475 2606 vocatur
1488 2557 1532 2621 ‚J
1552 2558 1709 2605 Caria-

338 2650 440 2698 que
477 2645 580 2683 tota
617 2653 734 2684 cum
773 2639 932 2686 Ioniis
963 2638 1145 2686 insulis
1179 2657 1188 2685 :
1222 2654 1373 2703 quas,
1409 2653 1525 2684 cum
1561 2647 1707 2683 antea

301 2713 320 2719 “
337 2711 434 2758 sub
460 2728 661 2763 summo
691 2719 1078 2782 magistratuum
1100 2755 1113 2777 ,
1145 2719 1275 2765 sicut
1301 2728 1471 2764 ceterae
1499 2732 1674 2764 omnes
1693 2751 1704 2773 ,

340 2788 551 2837 fuissent
568 2828 581 2850 ‚
605 2792 668 2840 ab
687 2811 746 2842 eo
771 2796 1020 2858 sejunctas
1053 2798 1326 2861 imperator
1349 2795 1561 2855 Scythiae
1587 2811 1705 2858 prae·

341 2867 528 2916 fectum
553 2879 721 2919 tenere
748 2872 937 2943 voluit,
955 2875 1328 2939 propriumque
1347 2874 1567 2921 reditum
1595 2887 1706 2918 con·
