<?xml version="1.0" encoding="UTF-8"?>
<!DOCTYPE html PUBLIC "-//W3C//DTD XHTML 1.0 Transitional//EN"
    "http://www.w3.org/TR/xhtml1/DTD/xhtml1-transitional.dtd">
<html xmlns="http://www.w3.org/1999/xhtml" xml:lang="en" lang="en">
 <head>
  <title>
</title>
<meta http-equiv="Content-Type" content="text/html;charset=utf-8" />
  <meta name='ocr-system' content='tesseract 3.04.00' />
  <meta name='ocr-capabilities' content='ocr_page ocr_carea ocr_par ocr_line ocrx_word'/>
</head>
<body>
  <div class='ocr_page' id='page_1' title='image "./demagistratibusr00lyduuoft_0231.png"; bbox 0 0 2748 3834; ppageno 0'>
   <div class='ocr_carea' id='block_1_1' title="bbox 297 507 1763 2992">
    <p class='ocr_par' dir='ltr' id='par_1_1' title="bbox 297 507 1763 2992">
     <span class='ocr_line' id='line_1_1' title="bbox 581 507 1734 561; baseline 0.003 -21"><span class='ocrx_word' id='word_1_1' title='bbox 581 507 957 541; x_wconf 66' lang='lat' dir='ltr'>nrxrunmcnz</span> <span class='ocrx_word' id='word_1_2' title='bbox 993 507 1264 541; x_wconf 71' lang='lat' dir='ltr'>ROMANAE</span> <span class='ocrx_word' id='word_1_3' title='bbox 1299 509 1399 542; x_wconf 78' lang='lat' dir='ltr'>Lm.</span> <span class='ocrx_word' id='word_1_4' title='bbox 1438 509 1498 542; x_wconf 86' lang='lat'>11.</span> <span class='ocrx_word' id='word_1_5' title='bbox 1641 510 1734 561; x_wconf 83' lang='lat'>1²9</span> 
     </span>
     <span class='ocr_line' id='line_1_2' title="bbox 367 579 1736 646; baseline -0.003 -19"><span class='ocrx_word' id='word_1_6' title='bbox 367 581 528 646; x_wconf 88' lang='lat' dir='ltr'>signia</span> <span class='ocrx_word' id='word_1_7' title='bbox 566 599 576 626; x_wconf 90' lang='lat'>:</span> <span class='ocrx_word' id='word_1_8' title='bbox 614 597 726 644; x_wconf 81' lang='lat' dir='ltr'>quae</span> <span class='ocrx_word' id='word_1_9' title='bbox 750 579 921 643; x_wconf 86' lang='lat' dir='ltr'>qualia</span> <span class='ocrx_word' id='word_1_10' title='bbox 954 581 1083 635; x_wconf 87' lang='lat' dir='ltr'>sint,</span> <span class='ocrx_word' id='word_1_11' title='bbox 1122 581 1176 623; x_wconf 89' lang='lat' dir='ltr'>in</span> <span class='ocrx_word' id='word_1_12' title='bbox 1208 583 1357 641; x_wconf 67' lang='lat' dir='ltr'>opere</span> <span class='ocrx_word' id='word_1_13' title='bbox 1381 581 1443 629; x_wconf 82' lang='lat' dir='ltr'>de</span> <span class='ocrx_word' id='word_1_14' title='bbox 1475 581 1736 632; x_wconf 64' lang='lat' dir='ltr'>mensibus</span> 
     </span>
     <span class='ocr_line' id='line_1_3' title="bbox 366 652 1738 724; baseline 0.001 -18"><span class='ocrx_word' id='word_1_15' title='bbox 366 657 695 707; x_wconf 88' lang='lat' dir='ltr'><strong>ostendimus.</strong></span> <span class='ocrx_word' id='word_1_16' title='bbox 717 655 921 721; x_wconf 89' lang='lat' dir='ltr'><strong>Quippe</strong></span> <span class='ocrx_word' id='word_1_17' title='bbox 945 656 997 701; x_wconf 88' lang='lat' dir='ltr'>in</span> <span class='ocrx_word' id='word_1_18' title='bbox 1020 652 1260 701; x_wconf 90' lang='lat' dir='ltr'>inanibus</span> <span class='ocrx_word' id='word_1_19' title='bbox 1279 653 1489 719; x_wconf 84' lang='lat' dir='ltr'>gloriam</span> <span class='ocrx_word' id='word_1_20' title='bbox 1510 667 1738 724; x_wconf 45' lang='lat' dir='ltr'>quarens</span> 
     </span>
     <span class='ocr_line' id='line_1_4' title="bbox 367 732 1738 803; baseline 0.003 -20"><span class='ocrx_word' id='word_1_21' title='bbox 367 737 689 784; x_wconf 85' lang='lat' dir='ltr'>Domitianus</span> <span class='ocrx_word' id='word_1_22' title='bbox 703 773 715 795; x_wconf 95' lang='lat'>,</span> <span class='ocrx_word' id='word_1_23' title='bbox 737 733 1154 783; x_wconf 87' lang='lat' dir='ltr'>innovationibus</span> <span class='ocrx_word' id='word_1_24' title='bbox 1167 732 1415 799; x_wconf 84' lang='lat' dir='ltr'>gaudebat</span> <span class='ocrx_word' id='word_1_25' title='bbox 1436 753 1446 782; x_wconf 80' lang='grc' dir='ltr'><strong><em>ε</em></strong></span> <span class='ocrx_word' id='word_1_26' title='bbox 1469 738 1738 803; x_wconf 78' lang='lat' dir='ltr'>proprium</span> 
     </span>
     <span class='ocr_line' id='line_1_5' title="bbox 370 812 1740 882; baseline 0.001 -20"><span class='ocrx_word' id='word_1_27' title='bbox 370 825 541 864; x_wconf 89' lang='lat' dir='ltr'>autem</span> <span class='ocrx_word' id='word_1_28' title='bbox 563 825 782 876; x_wconf 84' lang='lat' dir='ltr'>tyranno</span> <span class='ocrx_word' id='word_1_29' title='bbox 807 814 1019 878; x_wconf 89' lang='lat' dir='ltr'>antiqua</span> <span class='ocrx_word' id='word_1_30' title='bbox 1048 812 1279 860; x_wconf 81' lang='lat' dir='ltr'>instituta</span> <span class='ocrx_word' id='word_1_31' title='bbox 1304 823 1538 862; x_wconf 88' lang='lat' dir='ltr'>evertere.</span> <span class='ocrx_word' id='word_1_32' title='bbox 1563 817 1740 882; x_wconf 84' lang='lat' dir='ltr'>Itaque</span> 
     </span>
     <span class='ocr_line' id='line_1_6' title="bbox 373 890 1740 958; baseline 0.002 -17"><span class='ocrx_word' id='word_1_33' title='bbox 373 910 479 942; x_wconf 90' lang='lat' dir='ltr'>non</span> <span class='ocrx_word' id='word_1_34' title='bbox 505 893 658 943; x_wconf 91' lang='lat' dir='ltr'>modo</span> <span class='ocrx_word' id='word_1_35' title='bbox 681 891 744 940; x_wconf 88' lang='lat' dir='ltr'>de</span> <span class='ocrx_word' id='word_1_36' title='bbox 776 890 1081 958; x_wconf 81' lang='lat' dir='ltr'>praefecturae</span> <span class='ocrx_word' id='word_1_37' title='bbox 1105 892 1325 957; x_wconf 83' lang='lat' dir='ltr'>praetorii</span> <span class='ocrx_word' id='word_1_38' title='bbox 1351 902 1516 941; x_wconf 85' lang='lat' dir='ltr'>vetere</span> <span class='ocrx_word' id='word_1_39' title='bbox 1536 892 1740 950; x_wconf 66' lang='lat' dir='ltr'>⁴honore</span> 
     </span>
     <span class='ocr_line' id='line_1_7' title="bbox 371 969 1738 1038; baseline 0.001 -17"><span class='ocrx_word' id='word_1_40' title='bbox 371 972 586 1021; x_wconf 86' lang='lat' dir='ltr'>detraxit</span> <span class='ocrx_word' id='word_1_41' title='bbox 602 1008 616 1032; x_wconf 94' lang='lat'>,</span> <span class='ocrx_word' id='word_1_42' title='bbox 650 988 830 1020; x_wconf 82' lang='lat' dir='ltr'>verum</span> <span class='ocrx_word' id='word_1_43' title='bbox 851 981 900 1019; x_wconf 91' lang='lat' dir='ltr'>et</span> <span class='ocrx_word' id='word_1_44' title='bbox 919 969 1265 1036; x_wconf 76' lang='lat' dir='ltr'>praefecturam</span> <span class='ocrx_word' id='word_1_45' title='bbox 1288 970 1430 1028; x_wconf 86' lang='lat' dir='ltr'>urbis</span> <span class='ocrx_word' id='word_1_46' title='bbox 1447 1008 1460 1032; x_wconf 94' lang='lat'>,</span> <span class='ocrx_word' id='word_1_47' title='bbox 1485 984 1738 1038; x_wconf 90' lang='lat' dir='ltr'>quantum</span> 
     </span>
     <span class='ocr_line' id='line_1_8' title="bbox 370 1046 1740 1117; baseline 0.001 -20"><span class='ocrx_word' id='word_1_48' title='bbox 370 1049 580 1116; x_wconf 90' lang='lat' dir='ltr'>quidem</span> <span class='ocrx_word' id='word_1_49' title='bbox 606 1049 661 1096; x_wconf 92' lang='lat' dir='ltr'>in</span> <span class='ocrx_word' id='word_1_50' title='bbox 687 1050 795 1116; x_wconf 93' lang='lat' dir='ltr'>ipso</span> <span class='ocrx_word' id='word_1_51' title='bbox 830 1046 955 1107; x_wconf 86' lang='lat' dir='ltr'>fuit,</span> <span class='ocrx_word' id='word_1_52' title='bbox 987 1047 1302 1109; x_wconf 84' lang='lat' dir='ltr'>dilaceravit,</span> <span class='ocrx_word' id='word_1_53' title='bbox 1347 1047 1615 1100; x_wconf 88' lang='lat' dir='ltr'>duodecim</span> <span class='ocrx_word' id='word_1_54' title='bbox 1646 1068 1740 1117; x_wconf 85' lang='lat' dir='ltr'>pro</span> 
     </span>
     <span class='ocr_line' id='line_1_9' title="bbox 371 1125 1742 1197; baseline 0.004 -23"><span class='ocrx_word' id='word_1_55' title='bbox 371 1143 480 1175; x_wconf 90' lang='lat' dir='ltr'>uno</span> <span class='ocrx_word' id='word_1_56' title='bbox 508 1125 766 1193; x_wconf 85' lang='lat' dir='ltr'>praefectos</span> <span class='ocrx_word' id='word_1_57' title='bbox 798 1126 969 1187; x_wconf 88' lang='lat' dir='ltr'>urbis,</span> <span class='ocrx_word' id='word_1_58' title='bbox 1010 1127 1237 1194; x_wconf 88' lang='lat' dir='ltr'>singulos</span> <span class='ocrx_word' id='word_1_59' title='bbox 1266 1126 1499 1178; x_wconf 82' lang='lat' dir='ltr'>videlicet</span> <span class='ocrx_word' id='word_1_60' title='bbox 1527 1129 1742 1197; x_wconf 88' lang='lat' dir='ltr'>singulis</span> 
     </span>
     <span class='ocr_line' id='line_1_10' title="bbox 370 1204 1700 1271; baseline 0.002 -18"><span class='ocrx_word' id='word_1_61' title='bbox 370 1209 538 1254; x_wconf 87' lang='lat' dir='ltr'>Romae</span> <span class='ocrx_word' id='word_1_62' title='bbox 555 1204 814 1271; x_wconf 86' lang='lat' dir='ltr'>partibus,</span> <span class='ocrx_word' id='word_1_63' title='bbox 847 1206 1174 1254; x_wconf 90' lang='lat' dir='ltr'>constituens.</span> <span class='ocrx_word' id='word_1_64' title='bbox 1692 1262 1700 1269; x_wconf 32' lang='lat'><strong>¹</strong></span> 
     </span>
     <span class='ocr_line' id='line_1_11' title="bbox 441 1283 1743 1352; baseline 0.005 -20"><span class='ocrx_word' id='word_1_65' title='bbox 441 1301 521 1332; x_wconf 82' lang='lat'>20.</span> <span class='ocrx_word' id='word_1_66' title='bbox 556 1283 696 1334; x_wconf 90' lang='lat' dir='ltr'>Nulli</span> <span class='ocrx_word' id='word_1_67' title='bbox 719 1301 838 1333; x_wconf 88' lang='lat' dir='ltr'>vero</span> <span class='ocrx_word' id='word_1_68' title='bbox 864 1284 1051 1333; x_wconf 91' lang='lat' dir='ltr'>horum</span> <span class='ocrx_word' id='word_1_69' title='bbox 1074 1286 1461 1352; x_wconf 84' lang='lat' dir='ltr'>magistratuum</span> <span class='ocrx_word' id='word_1_70' title='bbox 1481 1290 1657 1351; x_wconf 90' lang='lat' dir='ltr'>initio,</span> <span class='ocrx_word' id='word_1_71' title='bbox 1682 1300 1743 1339; x_wconf 89' lang='lat' dir='ltr'>ut</span> 
     </span>
     <span class='ocr_line' id='line_1_12' title="bbox 374 1363 1743 1434; baseline 0.003 -22"><span class='ocrx_word' id='word_1_72' title='bbox 374 1380 517 1413; x_wconf 88' lang='lat' dir='ltr'>nunc</span> <span class='ocrx_word' id='word_1_73' title='bbox 532 1401 545 1425; x_wconf 92' lang='lat'>‚</span> <span class='ocrx_word' id='word_1_74' title='bbox 571 1374 768 1413; x_wconf 89' lang='lat' dir='ltr'>certum</span> <span class='ocrx_word' id='word_1_75' title='bbox 792 1363 1112 1412; x_wconf 90' lang='lat' dir='ltr'>domicilium</span> <span class='ocrx_word' id='word_1_76' title='bbox 1134 1364 1233 1413; x_wconf 86' lang='lat' dir='ltr'>fuit</span> <span class='ocrx_word' id='word_1_77' title='bbox 1248 1402 1261 1426; x_wconf 95' lang='lat'>‚</span> <span class='ocrx_word' id='word_1_78' title='bbox 1287 1383 1455 1433; x_wconf 87' lang='lat' dir='ltr'>neque</span> <span class='ocrx_word' id='word_1_79' title='bbox 1474 1368 1528 1415; x_wconf 90' lang='lat' dir='ltr'>in</span> <span class='ocrx_word' id='word_1_80' title='bbox 1548 1368 1713 1434; x_wconf 84' lang='lat' dir='ltr'>prima</span> <span class='ocrx_word' id='word_1_81' title='bbox 1729 1404 1743 1427; x_wconf 94' lang='lat'>,</span> 
     </span>
     <span class='ocr_line' id='line_1_13' title="bbox 376 1443 1745 1509; baseline 0.003 -19"><span class='ocrx_word' id='word_1_82' title='bbox 376 1459 544 1508; x_wconf 90' lang='lat' dir='ltr'>neque</span> <span class='ocrx_word' id='word_1_83' title='bbox 571 1443 626 1490; x_wconf 90' lang='lat' dir='ltr'>in</span> <span class='ocrx_word' id='word_1_84' title='bbox 651 1453 821 1491; x_wconf 85' lang='lat' dir='ltr'>nostra</span> <span class='ocrx_word' id='word_1_85' title='bbox 863 1444 1183 1509; x_wconf 86' lang='lat' dir='ltr'>imperatoria</span> <span class='ocrx_word' id='word_1_86' title='bbox 1219 1443 1375 1505; x_wconf 89' lang='lat' dir='ltr'>urbe;</span> <span class='ocrx_word' id='word_1_87' title='bbox 1423 1445 1509 1494; x_wconf 84' lang='lat' dir='ltr'>sed</span> <span class='ocrx_word' id='word_1_88' title='bbox 1546 1446 1600 1508; x_wconf 82' lang='lat' dir='ltr'>in</span> <span class='ocrx_word' id='word_1_89' title='bbox 1638 1446 1745 1506; x_wconf 82' lang='lat' dir='ltr'>suis</span> 
     </span>
     <span class='ocr_line' id='line_1_14' title="bbox 374 1511 1746 1590; baseline 0.001 -20"><span class='ocrx_word' id='word_1_90' title='bbox 374 1520 578 1570; x_wconf 88' lang='lat' dir='ltr'>sedibus</span> <span class='ocrx_word' id='word_1_91' title='bbox 594 1558 606 1581; x_wconf 92' lang='lat'>‚</span> <span class='ocrx_word' id='word_1_92' title='bbox 627 1511 724 1588; x_wconf 81' lang='lat' dir='ltr'>qui</span> <span class='ocrx_word' id='word_1_93' title='bbox 737 1524 1085 1589; x_wconf 85' lang='lat' dir='ltr'>magistratum</span> <span class='ocrx_word' id='word_1_94' title='bbox 1106 1523 1347 1590; x_wconf 89' lang='lat' dir='ltr'>gerebant</span> <span class='ocrx_word' id='word_1_95' title='bbox 1362 1561 1377 1584; x_wconf 93' lang='lat'>,</span> <span class='ocrx_word' id='word_1_96' title='bbox 1395 1541 1609 1579; x_wconf 84' lang='lat' dir='ltr'>munere</span> <span class='ocrx_word' id='word_1_97' title='bbox 1627 1522 1746 1587; x_wconf 55' lang='lat' dir='ltr'>funf-</span> 
     </span>
     <span class='ocr_line' id='line_1_15' title="bbox 374 1599 1745 1667; baseline 0.004 -20"><span class='ocrx_word' id='word_1_98' title='bbox 374 1599 638 1665; x_wconf 89' lang='lat' dir='ltr'>gebantur.</span> <span class='ocrx_word' id='word_1_99' title='bbox 671 1603 836 1667; x_wconf 87' lang='lat' dir='ltr'>Atque</span> <span class='ocrx_word' id='word_1_100' title='bbox 858 1601 954 1650; x_wconf 87' lang='lat' dir='ltr'>hoc</span> <span class='ocrx_word' id='word_1_101' title='bbox 984 1618 1146 1667; x_wconf 90' lang='lat' dir='ltr'>usque</span> <span class='ocrx_word' id='word_1_102' title='bbox 1168 1601 1232 1650; x_wconf 89' lang='lat' dir='ltr'>ad</span> <span class='ocrx_word' id='word_1_103' title='bbox 1265 1605 1490 1652; x_wconf 85' lang='lat' dir='ltr'>Leonem&#39;</span> <span class='ocrx_word' id='word_1_104' title='bbox 1512 1610 1745 1653; x_wconf 86' lang='lat' dir='ltr'>nostrum</span> 
     </span>
     <span class='ocr_line' id='line_1_16' title="bbox 377 1676 1746 1746; baseline 0.003 -21"><span class='ocrx_word' id='word_1_105' title='bbox 377 1679 591 1738; x_wconf 91' lang='lat' dir='ltr'>mansit;</span> <span class='ocrx_word' id='word_1_106' title='bbox 625 1676 722 1727; x_wconf 89' lang='lat' dir='ltr'>sub</span> <span class='ocrx_word' id='word_1_107' title='bbox 739 1696 845 1745; x_wconf 92' lang='lat' dir='ltr'>quo</span> <span class='ocrx_word' id='word_1_108' title='bbox 868 1680 1256 1740; x_wconf 81' lang='lat' dir='ltr'>Constantinus,</span> <span class='ocrx_word' id='word_1_109' title='bbox 1290 1680 1369 1732; x_wconf 63' lang='lat' dir='ltr'>vir</span> <span class='ocrx_word' id='word_1_110' title='bbox 1387 1679 1521 1728; x_wconf 90' lang='lat' dir='ltr'>claro</span> <span class='ocrx_word' id='word_1_111' title='bbox 1541 1696 1746 1746; x_wconf 79' lang='lat' dir='ltr'>genere,</span> 
     </span>
     <span class='ocr_line' id='line_1_17' title="bbox 375 1757 1763 1824; baseline 0.003 -21"><span class='ocrx_word' id='word_1_112' title='bbox 375 1771 404 1803; x_wconf 87' lang='lat' dir='ltr'>e</span> <span class='ocrx_word' id='word_1_113' title='bbox 427 1758 620 1804; x_wconf 87' lang='lat' dir='ltr'>Mazaca</span> <span class='ocrx_word' id='word_1_114' title='bbox 641 1757 850 1823; x_wconf 91' lang='lat' dir='ltr'>quidem</span> <span class='ocrx_word' id='word_1_115' title='bbox 870 1768 919 1806; x_wconf 92' lang='lat' dir='ltr'>et</span> <span class='ocrx_word' id='word_1_116' title='bbox 943 1758 1048 1824; x_wconf 89' lang='lat' dir='ltr'>ipse</span> <span class='ocrx_word' id='word_1_117' title='bbox 1068 1757 1345 1822; x_wconf 83' lang='lat' dir='ltr'>oriunduS,</span> <span class='ocrx_word' id='word_1_118' title='bbox 1370 1758 1559 1807; x_wconf 84' lang='lat' dir='ltr'>virtute</span> <span class='ocrx_word' id='word_1_119' title='bbox 1576 1767 1763 1823; x_wconf 70' lang='lat' dir='ltr'>autem⁴</span> 
     </span>
     <span class='ocr_line' id='line_1_18' title="bbox 377 1835 1748 1903; baseline 0.001 -20"><span class='ocrx_word' id='word_1_120' title='bbox 377 1835 600 1902; x_wconf 90' lang='lat' dir='ltr'>improbi</span> <span class='ocrx_word' id='word_1_121' title='bbox 625 1837 933 1903; x_wconf 89' lang='lat' dir='ltr'>Cappadocis</span> <span class='ocrx_word' id='word_1_122' title='bbox 950 1838 1247 1902; x_wconf 84' lang='lat' dir='ltr'>pravitatem</span> <span class='ocrx_word' id='word_1_123' title='bbox 1273 1838 1618 1903; x_wconf 77' lang='lat' dir='ltr'>aequiparans,</span> <span class='ocrx_word' id='word_1_124' title='bbox 1640 1837 1748 1899; x_wconf 81' lang='lat' dir='ltr'>lite-</span> 
     </span>
     <span class='ocr_line' id='line_1_19' title="bbox 377 1914 1749 1980; baseline 0.002 -20"><span class='ocrx_word' id='word_1_125' title='bbox 377 1914 447 1962; x_wconf 90' lang='lat' dir='ltr'>ris</span> <span class='ocrx_word' id='word_1_126' title='bbox 465 1930 674 1980; x_wconf 89' lang='lat' dir='ltr'>quoque</span> <span class='ocrx_word' id='word_1_127' title='bbox 688 1951 702 1974; x_wconf 86' lang='lat'>,</span> <span class='ocrx_word' id='word_1_128' title='bbox 731 1931 789 1962; x_wconf 90' lang='lat' dir='ltr'>ac</span> <span class='ocrx_word' id='word_1_129' title='bbox 807 1915 1061 1980; x_wconf 84' lang='lat' dir='ltr'>praecipue</span> <span class='ocrx_word' id='word_1_130' title='bbox 1078 1915 1139 1961; x_wconf 88' lang='lat' dir='ltr'>iis</span> <span class='ocrx_word' id='word_1_131' title='bbox 1154 1951 1167 1974; x_wconf 92' lang='lat'>‚</span> <span class='ocrx_word' id='word_1_132' title='bbox 1191 1931 1318 1980; x_wconf 91' lang='lat' dir='ltr'>quas</span> <span class='ocrx_word' id='word_1_133' title='bbox 1336 1924 1448 1962; x_wconf 88' lang='lat' dir='ltr'>tum</span> <span class='ocrx_word' id='word_1_134' title='bbox 1463 1915 1575 1963; x_wconf 88' lang='lat' dir='ltr'>Itali</span> <span class='ocrx_word' id='word_1_135' title='bbox 1595 1914 1749 1963; x_wconf 82' lang='lat' dir='ltr'>maxi·</span> 
     </span>
     <span class='ocr_line' id='line_1_20' title="bbox 297 1990 1750 2056; baseline 0.002 -18"><span class='ocrx_word' id='word_1_136' title='bbox 297 2041 300 2043; x_wconf 17' lang='grc' dir='ltr'><strong>Α</strong></span> <span class='ocrx_word' id='word_1_137' title='bbox 367 2007 457 2038; x_wconf 86' lang='lat' dir='ltr'>me</span> <span class='ocrx_word' id='word_1_138' title='bbox 472 1990 706 2045; x_wconf 86' lang='lat' dir='ltr'>colebant</span> <span class='ocrx_word' id='word_1_139' title='bbox 721 2027 734 2050; x_wconf 94' lang='lat'>,</span> <span class='ocrx_word' id='word_1_140' title='bbox 765 1993 959 2056; x_wconf 88' lang='lat' dir='ltr'>optime</span> <span class='ocrx_word' id='word_1_141' title='bbox 975 1991 1208 2039; x_wconf 90' lang='lat' dir='ltr'>eruditus</span> <span class='ocrx_word' id='word_1_142' title='bbox 1223 2029 1238 2051; x_wconf 92' lang='lat'>,</span> <span class='ocrx_word' id='word_1_143' title='bbox 1266 2009 1384 2050; x_wconf 87' lang='lat' dir='ltr'>cum</span> <span class='ocrx_word' id='word_1_144' title='bbox 1401 1990 1750 2056; x_wconf 83' lang='lat' dir='ltr'>praefecturam</span> 
     </span>
     <span class='ocr_line' id='line_1_21' title="bbox 374 2060 1751 2134; baseline -0.001 -18"><span class='ocrx_word' id='word_1_145' title='bbox 374 2068 597 2134; x_wconf 79' lang='lat' dir='ltr'>praetorii</span> <span class='ocrx_word' id='word_1_146' title='bbox 617 2078 836 2134; x_wconf 87' lang='lat' dir='ltr'>gereret,</span> <span class='ocrx_word' id='word_1_147' title='bbox 873 2069 1066 2116; x_wconf 88' lang='lat' dir='ltr'>curiam</span> <span class='ocrx_word' id='word_1_148' title='bbox 1085 2068 1379 2134; x_wconf 88' lang='lat' dir='ltr'>judicialem</span> <span class='ocrx_word' id='word_1_149' title='bbox 1404 2060 1751 2134; x_wconf 44' lang='lat' dir='ltr'>splendidissiff</span> 
     </span>
     <span class='ocr_line' id='line_1_22' title="bbox 375 2147 1752 2215; baseline -0.001 -19"><span class='ocrx_word' id='word_1_150' title='bbox 375 2163 510 2196; x_wconf 89' lang='lat' dir='ltr'>mam</span> <span class='ocrx_word' id='word_1_151' title='bbox 538 2147 794 2209; x_wconf 89' lang='lat' dir='ltr'>condidit,</span> <span class='ocrx_word' id='word_1_152' title='bbox 830 2149 1115 2215; x_wconf 89' lang='lat' dir='ltr'>Leonisque</span> <span class='ocrx_word' id='word_1_153' title='bbox 1138 2147 1409 2214; x_wconf 87' lang='lat' dir='ltr'>adpellavit</span> <span class='ocrx_word' id='word_1_154' title='bbox 1427 2184 1440 2206; x_wconf 90' lang='lat'>‚</span> <span class='ocrx_word' id='word_1_155' title='bbox 1481 2148 1535 2195; x_wconf 90' lang='lat' dir='ltr'>in</span> <span class='ocrx_word' id='word_1_156' title='bbox 1563 2164 1664 2214; x_wconf 91' lang='lat' dir='ltr'>qua</span> <span class='ocrx_word' id='word_1_157' title='bbox 1701 2157 1752 2196; x_wconf 91' lang='lat' dir='ltr'>et</span> 
     </span>
     <span class='ocr_line' id='line_1_23' title="bbox 376 2224 1752 2290; baseline -0.001 -16"><span class='ocrx_word' id='word_1_158' title='bbox 376 2224 674 2287; x_wconf 85' lang='lat' dir='ltr'>electionem</span> <span class='ocrx_word' id='word_1_159' title='bbox 698 2225 837 2274; x_wconf 87' lang='lat' dir='ltr'>illius</span> <span class='ocrx_word' id='word_1_160' title='bbox 860 2226 1060 2275; x_wconf 90' lang='lat' dir='ltr'>decreto</span> <span class='ocrx_word' id='word_1_161' title='bbox 1080 2226 1350 2290; x_wconf 89' lang='lat' dir='ltr'>inscripsit.</span> <span class='ocrx_word' id='word_1_162' title='bbox 1367 2230 1508 2272; x_wconf 89' lang='lat' dir='ltr'>Hanc</span> <span class='ocrx_word' id='word_1_163' title='bbox 1529 2241 1647 2284; x_wconf 92' lang='lat' dir='ltr'>suo,</span> <span class='ocrx_word' id='word_1_164' title='bbox 1671 2227 1752 2273; x_wconf 90' lang='lat' dir='ltr'>uti</span> 
     </span>
     <span class='ocr_line' id='line_1_24' title="bbox 301 2301 1750 2371; baseline 0 -21"><span class='ocrx_word' id='word_1_165' title='bbox 301 2332 305 2334; x_wconf 93' lang='lat'><em>-</em></span> <span class='ocrx_word' id='word_1_166' title='bbox 354 2301 626 2364; x_wconf 57' lang='lat' dir='ltr'>diximus,</span> <span class='ocrx_word' id='word_1_167' title='bbox 649 2313 826 2352; x_wconf 90' lang='lat' dir='ltr'>sumtu</span> <span class='ocrx_word' id='word_1_168' title='bbox 842 2314 1143 2352; x_wconf 88' lang='lat' dir='ltr'>exstructam</span> <span class='ocrx_word' id='word_1_169' title='bbox 1156 2339 1169 2363; x_wconf 87' lang='lat'>,</span> <span class='ocrx_word' id='word_1_170' title='bbox 1189 2313 1379 2367; x_wconf 87' lang='lat' dir='ltr'>utpote</span> <span class='ocrx_word' id='word_1_171' title='bbox 1393 2303 1593 2350; x_wconf 89' lang='lat' dir='ltr'>vicinus</span> <span class='ocrx_word' id='word_1_172' title='bbox 1614 2301 1750 2371; x_wconf 82' lang='lat' dir='ltr'>loco,</span> 
     </span>
     <span class='ocr_line' id='line_1_25' title="bbox 379 2379 1751 2445; baseline -0.001 -16"><span class='ocrx_word' id='word_1_173' title='bbox 379 2390 430 2429; x_wconf 91' lang='lat' dir='ltr'>et</span> <span class='ocrx_word' id='word_1_174' title='bbox 441 2379 559 2429; x_wconf 87' lang='lat' dir='ltr'>Rufi</span> <span class='ocrx_word' id='word_1_175' title='bbox 577 2392 758 2431; x_wconf 84' lang='lat' dir='ltr'>nostrae</span> <span class='ocrx_word' id='word_1_176' title='bbox 777 2383 1031 2434; x_wconf 85' lang='lat' dir='ltr'>memoriae</span> <span class='ocrx_word' id='word_1_177' title='bbox 1047 2399 1170 2431; x_wconf 88' lang='lat' dir='ltr'>avus</span> <span class='ocrx_word' id='word_1_178' title='bbox 1184 2418 1196 2442; x_wconf 94' lang='lat'>,</span> <span class='ocrx_word' id='word_1_179' title='bbox 1217 2380 1477 2429; x_wconf 90' lang='lat' dir='ltr'>modicum</span> <span class='ocrx_word' id='word_1_180' title='bbox 1497 2380 1751 2445; x_wconf 82' lang='lat' dir='ltr'>magistra-</span> 
     </span>
     <span class='ocr_line' id='line_1_26' title="bbox 379 2449 1751 2528; baseline 0 -21"><span class='ocrx_word' id='word_1_181' title='bbox 379 2449 460 2508; x_wconf 81' lang='lat' dir='ltr'>tui</span> <span class='ocrx_word' id='word_1_182' title='bbox 488 2460 879 2528; x_wconf 80' lang='lat' dir='ltr'>modestamque</span> <span class='ocrx_word' id='word_1_183' title='bbox 907 2460 1227 2511; x_wconf 87' lang='lat' dir='ltr'>domicilium</span> <span class='ocrx_word' id='word_1_184' title='bbox 1268 2460 1539 2520; x_wconf 88' lang='lat' dir='ltr'>concessit,</span> <span class='ocrx_word' id='word_1_185' title='bbox 1580 2476 1751 2508; x_wconf 87' lang='lat' dir='ltr'>succe-</span> 
     </span>
     <span class='ocr_line' id='line_1_27' title="bbox 380 2536 1753 2606; baseline 0.001 -21"><span class='ocrx_word' id='word_1_186' title='bbox 380 2536 583 2587; x_wconf 90' lang='lat' dir='ltr'>dentem</span> <span class='ocrx_word' id='word_1_187' title='bbox 609 2549 721 2603; x_wconf 88' lang='lat' dir='ltr'>tum</span> <span class='ocrx_word' id='word_1_188' title='bbox 746 2540 800 2587; x_wconf 91' lang='lat' dir='ltr'>in</span> <span class='ocrx_word' id='word_1_189' title='bbox 825 2540 1119 2606; x_wconf 85' lang='lat' dir='ltr'>magistratu</span> <span class='ocrx_word' id='word_1_190' title='bbox 1148 2539 1345 2599; x_wconf 86' lang='lat' dir='ltr'>colens,</span> <span class='ocrx_word' id='word_1_191' title='bbox 1389 2554 1599 2604; x_wconf 89' lang='lat' dir='ltr'>remque</span> <span class='ocrx_word' id='word_1_192' title='bbox 1634 2537 1753 2587; x_wconf 86' lang='lat' dir='ltr'>fecit</span> 
     </span>
     <span class='ocr_line' id='line_1_28' title="bbox 384 2618 1751 2687; baseline 0.004 -23"><span class='ocrx_word' id='word_1_193' title='bbox 384 2632 583 2673; x_wconf 87' lang='lat' dir='ltr'>summa</span> <span class='ocrx_word' id='word_1_194' title='bbox 601 2618 750 2668; x_wconf 85' lang='lat' dir='ltr'>laude</span> <span class='ocrx_word' id='word_1_195' title='bbox 775 2620 997 2687; x_wconf 88' lang='lat' dir='ltr'>dignam.</span> <span class='ocrx_word' id='word_1_196' title='bbox 1024 2623 1223 2669; x_wconf 91' lang='lat' dir='ltr'>Primus</span> <span class='ocrx_word' id='word_1_197' title='bbox 1241 2636 1576 2685; x_wconf 90' lang='lat' dir='ltr'>summusque</span> <span class='ocrx_word' id='word_1_198' title='bbox 1598 2621 1751 2685; x_wconf 82' lang='lat' dir='ltr'>magi-</span> 
     </span>
     <span class='ocr_line' id='line_1_29' title="bbox 387 2701 1748 2768; baseline 0.001 -24"><span class='ocrx_word' id='word_1_199' title='bbox 387 2706 638 2747; x_wconf 87' lang='lat' dir='ltr'>stratuum</span> <span class='ocrx_word' id='word_1_200' title='bbox 656 2736 669 2760; x_wconf 91' lang='lat'>,</span> <span class='ocrx_word' id='word_1_201' title='bbox 700 2702 793 2766; x_wconf 91' lang='lat' dir='ltr'>qui</span> <span class='ocrx_word' id='word_1_202' title='bbox 818 2701 914 2750; x_wconf 91' lang='lat' dir='ltr'>soli</span> <span class='ocrx_word' id='word_1_203' title='bbox 932 2712 1129 2768; x_wconf 88' lang='lat' dir='ltr'>sceptro</span> <span class='ocrx_word' id='word_1_204' title='bbox 1164 2701 1369 2753; x_wconf 84' lang='lat' dir='ltr'>cedebat</span> <span class='ocrx_word' id='word_1_205' title='bbox 1384 2737 1397 2762; x_wconf 88' lang='lat'>,</span> <span class='ocrx_word' id='word_1_206' title='bbox 1427 2702 1482 2749; x_wconf 90' lang='lat' dir='ltr'>in</span> <span class='ocrx_word' id='word_1_207' title='bbox 1506 2717 1695 2767; x_wconf 87' lang='lat' dir='ltr'>parva..</span> <span class='ocrx_word' id='word_1_208' title='bbox 1713 2738 1721 2747; x_wconf 91' lang='lat'><strong><em>.</em></strong></span> <span class='ocrx_word' id='word_1_209' title='bbox 1738 2737 1748 2746; x_wconf 95' lang='lat'><em>.</em></span> 
     </span>
     <span class='ocr_line' id='line_1_30' title="bbox 442 2806 1206 2865; baseline 0.007 -19"><span class='ocrx_word' id='word_1_210' title='bbox 442 2807 488 2855; x_wconf 68' lang='grc' dir='ltr'>α)</span> <span class='ocrx_word' id='word_1_211' title='bbox 514 2806 631 2848; x_wconf 82' lang='lat' dir='ltr'>conf.</span> <span class='ocrx_word' id='word_1_212' title='bbox 656 2821 731 2859; x_wconf 89' lang='lat'>111,</span> <span class='ocrx_word' id='word_1_213' title='bbox 761 2808 834 2861; x_wconf 81' lang='lat'>55,</span> <span class='ocrx_word' id='word_1_214' title='bbox 863 2811 935 2865; x_wconf 73' lang='grc' dir='ltr'>πρὸ</span> <span class='ocrx_word' id='word_1_215' title='bbox 951 2813 1206 2865; x_wconf 74' lang='grc' dir='ltr'><strong>τῆς-ἀγορᾶς.</strong></span> 
     </span>
     <span class='ocr_line' id='line_1_31' title="bbox 446 2868 1543 2925; baseline 0.002 -13"><span class='ocrx_word' id='word_1_216' title='bbox 446 2871 494 2921; x_wconf 85' lang='lat'>3)</span> <span class='ocrx_word' id='word_1_217' title='bbox 521 2868 621 2911; x_wconf 76' lang='lat' dir='ltr'>Cod.</span> <span class='ocrx_word' id='word_1_218' title='bbox 649 2874 685 2914; x_wconf 71' lang='grc' dir='ltr'>ἐν</span> <span class='ocrx_word' id='word_1_219' title='bbox 703 2878 763 2925; x_wconf 79' lang='grc' dir='ltr'>τῇ.</span> <span class='ocrx_word' id='word_1_220' title='bbox 1532 2886 1543 2894; x_wconf 69' lang='grc'><em>“</em></span> 
     </span>
     <span class='ocr_line' id='line_1_32' title="bbox 1503 2940 1558 2992; baseline 0 0"><span class='ocrx_word' id='word_1_221' title='bbox 1503 2940 1521 2969; x_wconf 79' lang='lat'>¹</span> <span class='ocrx_word' id='word_1_222' title='bbox 1532 2940 1558 2992; x_wconf 83' lang='lat'><strong>7</strong></span> 
     </span>
    </p>
   </div>
  </div>
 </body>
</html>
