2748 3834
905 482 1031 543 xviij
1321 495 1836 531 COMMENTARIUS

903 596 967 641 sis
1000 596 1236 657 aequalis,
1270 597 1329 640 ab
1360 596 1454 640 isto
1486 593 1718 638 laudatur
1752 594 1806 639 in
1843 599 2072 640 extremo
2118 595 2250 643 libro

901 684 1078 746 quinto
1096 683 1287 728 Histor.
1306 679 1590 726 Ecclesiast.
1611 677 1903 727 edit.Vales.
1924 698 2031 744 pag.
2054 683 2167 731 442.
2183 684 2251 731 D.

901 787 1000 830 quo
1015 785 1079 814 ex
1096 768 1207 815 loco
1228 775 1388 831 patet,
1410 767 1503 814 sub
1521 783 1561 813 a.
1582 766 1702 832 595,
1732 785 1848 816 cum
1872 768 1979 818 haec
2012 771 2253 820 scriberet

898 856 1145 919 Evagrius
1165 893 1177 911 ,
1217 854 1481 919 Agathiam
1514 871 1570 901 ac
1598 855 1851 905 Joannem
1874 857 2106 908 nondum
2137 861 2253 909 vul-

898 962 1033 1007 gasse
1058 962 1173 992 suos
1197 945 1372 992 libros.
1404 942 1579 991 Edidit
1602 951 1770 993 tamen
1787 955 1958 1010 postea
1982 948 2248 999 historiam

898 1034 1143 1093 Joannes‚
1181 1050 1279 1096 qua
1309 1031 1477 1096 fugam
1512 1031 1751 1082 Chosro'i's
1776 1035 1877 1098 IL,
1914 1037 2053 1085 illius
2094 1056 2249 1101 quem

897 1126 1056 1172 Cosru
1086 1125 1264 1172 Pervis
1291 1125 1502 1173 barbare
1528 1126 1783 1190 appellant
1809 1166 1820 1190 ,
1857 1130 2066 1192 ejusque
2102 1130 2250 1191 redu-

895 1213 1113 1259 ctionem
1137 1212 1189 1259 in
1216 1229 1431 1276 regumn
1474 1232 1515 1262 a.
1562 1215 1651 1280 591
1697 1234 1723 1264 a
1767 1218 2021 1266 Mauricio
2054 1219 2247 1266 Caesare

894 1301 1071 1350 factam
1090 1340 1101 1362 ‚
1145 1302 1397 1351 subtiliter
1427 1313 1532 1353 erat
1565 1314 1855 1369 persecutus
1891 1325 1899 1354 :
1928 1326 2137 1372 eamque
2167 1308 2249 1356 hi-

894 1390 1098 1438 storiam
1147 1390 1597 1457 Thcophylactum
1642 1395 1970 1444 Simocattam
2017 1398 2249 1461 suspicor

894 1488 1121 1528 secutum
1157 1498 1260 1529 esse
1283 1481 1415 1529 libro
1448 1483 1532 1530 IV
1565 1491 1613 1532 et
1635 1484 1719 1547 V,
1765 1485 1819 1532 in
1858 1485 2164 1549 digressione
2188 1486 2250 1532 de

893 1569 1129 1617 Chosro'i‘s
1162 1568 1276 1634 fuga
1309 1588 1365 1619 ac
1393 1571 1573 1619 reditu.
1613 1573 1822 1621 Atenim
1858 1574 2031 1621 evenit
2061 1573 2249 1621 Joanni

891 1658 942 1706 id
966 1660 1101 1723 quod
1126 1661 1300 1726 Lydo,
1338 1662 1551 1726 aliisque
1580 1663 1756 1711 multis
1783 1681 1791 1710 :
1828 1670 1887 1711 ut
1913 1662 2169 1711 Arabibus
2195 1662 2250 1711 in

892 1767 973 1798 eos
1007 1751 1141 1814 ipsos
1171 1758 1360 1799 tractus
1385 1750 1831 1800 effervescentibus
1852 1788 1865 1813 ‚
1901 1751 1989 1799 ubi
2012 1751 2252 1815 pleraque

891 1840 994 1901 ejus
1018 1839 1327 1903 exemplaria
1360 1840 1588 1888 extitisse
1620 1838 1861 1886 credibile
1896 1847 1995 1899 est,
2028 1840 2116 1885 illa
2147 1838 2251 1887 fere

893 1929 1061 1977 omnia
1071 1930 1339 1978 interirent
1361 1948 1369 1978 :
1393 1928 1599 1991 accedit,
1620 1927 1759 1992 quod
1778 1929 1979 1992 copiosa
1996 1936 2249 1991 excerpta,

893 2018 945 2064 in
984 2017 1366 2082 Theophylacti
1400 2016 1669 2065 historiam
1700 2032 1765 2063 ex
1790 2015 2016 2063 Joannea
2045 2015 2249 2076 tralata,

893 2108 1123 2158 homines
1156 2108 1218 2158 ad
1254 2109 1386 2157 hanc
1421 2106 1804 2157 describendam
1843 2106 2095 2170 segniores
2136 2104 2252 2153 red-

896 2195 1011 2244 dere
1040 2196 1338 2248 debuerunt.
1380 2198 1458 2246 Ita
1493 2199 1599 2261 ejus
1630 2196 1826 2245 codices
1855 2196 2095 2260 paulatim
2136 2212 2250 2244 eva-

893 2296 1115 2336 nuerunt
1135 2326 1147 2349 ‚
1183 2297 1367 2351 praeter
1394 2288 1521 2336 duos
1549 2306 1558 2335 ε
1581 2287 1771 2335 horum
1799 2286 2014 2335 alterum
2036 2302 2140 2333 saec.
2167 2299 2249 2332 XII

894 2373 1335 2439 Constantinopoli
1382 2377 1515 2423 inter
1557 2376 1719 2423 Annae
1758 2375 2032 2423 Comnenae
2069 2389 2250 2420 manus

892 2460 1045 2510 fuisse
1067 2462 1217 2511 video
1234 2502 1246 2525 ‚
1281 2481 1392 2527 quae
1422 2462 1679 2511 interdum
1698 2471 1828 2511 totos
1849 2463 1986 2510 locos
2005 2462 2216 2509 Joannis
2237 2499 2248 2523 ‚

895 2560 950 2599 ut
980 2559 1051 2599 est
1081 2553 1417 2600 sententiosus
1449 2548 1687 2616 scriptorg
1724 2551 2022 2615 usurpavit,
2065 2567 2250 2613 eosque

893 2642 1100 2691 totidem
1123 2644 1292 2692 verbis
1328 2644 1380 2692 in
1409 2645 1750 2693 narrationem
1778 2642 1954 2691 furtim
1985 2642 2248 2690 transtulit

891 2750 1033 2783 suam
1082 2756 1094 2786 ;
1147 2736 1361 2785 alterum
1414 2738 1519 2801 ipse
1562 2735 1872 2801 deprehendi
1922 2736 2055 2783 inter
2098 2736 2249 2783 Vati-

893 2842 1041 2873 canos
1068 2825 1211 2875 codd.
1237 2845 1421 2892 graecos
1448 2828 1666 2876 Parisios
1691 2835 2005 2878 transvectos
2023 2864 2037 2886 ,
2081 2826 2252 2875 charta
