2748 3834
689 523 1069 558 REIPUBLICAE
1110 522 1383 555 ROMANAE
1423 523 1522 556 Lm.
1566 526 1625 556 11.
1771 527 1835 576 97

478 594 800 658 cumdantes,
831 597 1046 663 dignum
1073 612 1175 644 esse
1202 597 1415 663 imperio
1443 594 1801 646 declaraverint
1821 634 1836 658 ,

479 678 715 724 Caesarem
747 692 867 724 eum
896 674 1214 724 ostendentes
1235 711 1249 734 ,
1275 674 1435 723 veluti
1471 673 1836 724 adolescentem

479 757 713 803 Caesarem
728 792 742 815 ‚
765 765 815 803 et
830 755 985 820 primi
1006 754 1205 801 Caesaris
1229 752 1422 802 honore
1440 752 1752 819 homineque
1765 753 1838 802 di·

477 849 652 899 gnum.
678 830 1119 893 Quemadmodum
1154 833 1291 879 enim
1316 832 1473 879 Persis
1509 847 1618 879 mos
1641 839 1714 879 est
1731 867 1746 891 ,
1780 847 1848 898 ex·

478 929 593 978 rege
617 921 735 959 nato
754 926 969 976 regnum
989 909 1206 971 deferre3
1232 912 1302 959 sic
1320 910 1558 959 Romanis
1574 908 1696 957 olim
1717 908 1840 970 fuit,

481 1008 588 1040 non
615 990 856 1050 cuilibet,
893 989 979 1038 sed
1017 991 1224 1038 nonnisi
1260 992 1289 1038 a
1319 991 1516 1042 Caesaris
1539 991 1694 1055 stirpe
1717 990 1842 1038 ortis

482 1069 756 1133 imperium
782 1066 988 1115 tradere.
1016 1067 1211 1115 Medius
1240 1068 1396 1133 igitur
1430 1077 1535 1116 erat
1554 1066 1841 1116 adolescens

480 1151 652 1208 Caesar,
663 1164 830 1214 neque
842 1165 1016 1214 expers
1031 1149 1232 1214 imperii
1249 1147 1459 1196 honoris
1468 1184 1481 1209 ‚
1492 1163 1658 1213 neque
1668 1183 1680 1206 ,
1695 1164 1841 1213 prop-

482 1239 559 1278 ter
582 1230 748 1277 socios
762 1220 1112 1295 principatus,
1147 1244 1351 1277 omnem
1376 1237 1702 1287 consecutus3
1739 1244 1841 1293 prae

482 1307 583 1356 illis
601 1325 720 1357 vero
744 1309 1058 1374 proecipuum
1094 1306 1284 1356 habens
1308 1309 1506 1356 Caesaris
1528 1322 1808 1374 cognomen
1827 1343 1841 1365 ,

479 1386 619 1452 quod
643 1397 893 1452 superstes
916 1389 1066 1435 etiam
1087 1386 1371 1436 avunculus
1388 1388 1437 1436 ei
1451 1386 1652 1435 dederat
1669 1421 1683 1445 ,
1723 1399 1843 1432 cum

480 1479 811 1512 successorem
858 1465 955 1512 sibi
1003 1481 1121 1512 eum
1169 1465 1455 1531 relinquere
1492 1463 1844 1529 constituisset.

481 1543 749 1605 Postquam
773 1558 916 1601 vero,
944 1552 1147 1589 mortuo
1165 1542 1383 1608 Lepido,
1420 1542 1692 1606 AEgyptum
1723 1555 1843 1586 cum

481 1619 706 1667 Antonio
719 1656 733 1680 ‚
746 1621 862 1686 qui,
877 1619 1049 1670 Fulvia
1064 1657 1077 1681 ,
1090 1637 1258 1670 sorore
1274 1621 1406 1686 ejus,
1417 1611 1693 1686 repudiata,
1706 1616 1843 1666 Cleo-

482 1707 632 1762 patrae
644 1714 747 1746 sese
777 1687 1010 1759 dederat,
1041 1699 1323 1766 superavit,
1354 1716 1411 1747 ac
1431 1699 1725 1747 domesticas
1749 1699 1844 1744 Ro-

483 1791 753 1824 manorum
768 1775 940 1825 turbas
959 1779 1267 1845 composuit3
1286 1775 1494 1825 inflatus
1507 1786 1556 1824 et
1572 1779 1679 1843 ipse
1694 1789 1843 1835 ,cum

481 1853 563 1901 dei
587 1871 775 1903 nomen
799 1857 1084 1921 usurpavit,
1103 1857 1195 1920 qui
1214 1872 1382 1922 nuper
1398 1856 1623 1904 modeste
1640 1846 1846 1921 egisset,
1912 1869 1914 1871 ·

482 1941 594 1980 tum
633 1933 819 1999 templa
863 1934 1049 1982 honori
1093 1950 1186 1982 suo
1219 1935 1503 1982 consecrata
1541 1935 1756 2000 recepit,
1796 1944 1846 1982 et
1902 1995 1904 1998 y
1934 1982 1941 1991 ,

478 2009 777 2072 pontificem
795 2043 810 2065 ,
831 2020 1078 2068 tanquam
1103 2011 1426 2061 intercalatus
1447 2015 1610 2072 Deus,
1634 2014 1818 2062 creavit
1831 2032 1854 2072 ,·

479 2100 633 2150 quem
653 2083 882 2148 primum
904 2083 1039 2129 inter
1056 2080 1331 2128 sacerdotes
1345 2078 1712 2149 Deorumyqui
1733 2098 1845 2140 tum

479 2159 799 2219 colebantur,
815 2159 1093 2207 constituit.
1107 2158 1399 2223 Insignibus
1417 2169 1584 2207 autem
1606 2163 1847 2211 omnibus

482 2253 606 2286 usus
630 2247 729 2295 est,
766 2236 956 2301 quibus
987 2245 1156 2302 pater3
1181 2235 1378 2282 militiis
1407 2253 1527 2284 vero
1547 2273 1560 2296 ‚
1582 2237 1764 2287 officiis
1798 2252 1848 2290 et

484 2314 806 2374 satellitibus,
839 2323 966 2379 quot
980 2314 1230 2362 Romulus
1251 2324 1303 2362 et
1336 2331 1512 2364 omnes
1529 2316 1767 2384 deinceps
1785 2320 1848 2368 ad

483 2410 603 2442 eum
620 2409 782 2460 usque
809 2393 889 2440 usi
914 2402 1071 2440 erant.
1097 2392 1271 2441 Solum
1294 2395 1590 2459 magistrum
1610 2399 1846 2461 equitum

486 2472 539 2518 in
555 2469 841 2537 praefectum
860 2471 1094 2536 praetorio
1110 2472 1345 2531 mutavit,
1362 2488 1620 2538 curruque
1635 2475 1846 2540 insigni,

485 2567 546 2597 ex
567 2559 773 2616 argento
786 2547 916 2597 facto
929 2586 942 2610 ,
961 2549 1230 2598 honoravit
1243 2587 1256 2610 ‚
1281 2567 1375 2598 nec
1395 2568 1500 2599 non
1522 2551 1656 2599 civili
1678 2552 1847 2600 officio

487 2642 605 2674 eum
624 2626 861 2691 praefecit,
878 2644 1006 2694 quos
1021 2628 1313 2694 Augustales
1327 2645 1353 2678 a
1367 2639 1523 2678 semet
1539 2632 1843 2681 nominavit:

548 2742 591 2790 5)
617 2743 833 2784 Recentior
849 2758 991 2786 mauus
1011 2751 1118 2786 recte
1129 2774 1142 2796 ,
1173 2747 1192 2786 ‘o
1210 2750 1319 2791 θεῖος.

546 2805 593 2854 6)
621 2806 838 2847 Recentior
857 2823 1000 2850 manus
1014 2817 1122 2850 recte
1134 2840 1146 2861 ‚
1169 2813 1387 2862 καταλεῖψαι.

551 2872 596 2923 7)
624 2870 767 2910 :Malim
787 2875 911 2911 αὐτοῦ.
1535 2885 1545 2894 “

924 2941 928 2945 ’
1594 2959 1607 2984 1
1623 2938 1650 2986 3
