2748 3834
954 484 1134 555 lxxxij

955 623 1127 676 opere
1149 622 1310 657 casus
1338 620 1633 674 superesse
1656 602 1870 671 voluit,
1907 623 2004 677 ea,
2030 605 2294 677 quamvis

952 706 1159 779 paule,
1214 725 1387 779 quam
1432 714 1633 759 ceterae
1676 705 1964 780 reliquiae,
2020 705 2292 761 laetiorem

949 821 1160 866 sortem
1202 820 1436 884 experta
1462 852 1477 878 ‚
1532 808 1736 864 multis
1777 819 1966 867 tamen
2013 809 2151 865 locis
2193 810 2294 864 ob-

949 937 1112 972 scura
1152 926 1375 972 tantum
1424 914 1718 972 literarum
1760 917 2035 991 vestigia,
2085 916 2290 972 ›multis

948 1043 1177 1096 quoque
1215 1042 1289 1076 ne
1323 1020 1447 1077 haec
1477 1020 1713 1096 quidem
1755 1022 2044 1079 exhibent.

969 1277 981 1289 .
1021 1234 1216 1305 Quare
1263 1235 1448 1309 prima
1488 1234 1633 1290 mihi
1677 1255 1813 1314 cura
1846 1233 1984 1302 fuit,
2028 1243 2286 1300 textum,

945 1343 1133 1418 quoad
1193 1342 1319 1399 fieri
1370 1353 1561 1419 posset
1598 1388 1615 1415 ,
1688 1343 1977 1414 integrum
2046 1340 2284 1395 tradere.

939 1450 1100 1505 Huic
1151 1449 1532 1522 ingratissimo
1602 1447 1834 1503 muneri
1897 1466 2003 1520 pro
2062 1445 2285 1500 viribus

941 1553 1260 1611 satisfacere
1301 1555 1540 1630 cupiens
1565 1598 1579 1623 ‚
1632 1549 2047 1624 investigandis
2091 1548 2286 1604 litera-

938 1678 1069 1714 rum
1092 1658 1348 1734 reliquiis
1365 1703 1382 1731 ,
1427 1657 1816 1735 comparando
1837 1667 1892 1712 et
1911 1655 2284 1732 conjectando

937 1764 1257 1839 plurimum
1282 1766 1557 1840 temporis
1593 1755 1838 1820 insumsi
1870 1786 1882 1819 :
1908 1784 2022 1839 quo
2049 1762 2285 1838 quidem

938 1870 998 1924 id
1027 1877 1314 1924 assecutus
1351 1887 1481 1923 sum
1503 1910 1522 1937 ‚
1570 1879 1637 1925 ut
1668 1870 1899 1925 nonnisi
1944 1869 2285 1945 paucissima

939 1974 1231 2028 omiserim
1270 1982 1369 2027 aut
1415 1991 1619 2028 manca
1664 1974 2037 2048 reliquerim,
2094 1994 2283 2048 neque

936 2088 1131 2134 tamen
1170 2121 1187 2148 ,
1249 2077 1406 2152 quod
1447 2079 1699 2135 maxime
1744 2080 2072 2137 cavendum
2112 2091 2283 2155 puta-

925 2185 1108 2260 bam,
1147 2193 1364 2237 temere
1404 2183 1720 2258 quidquam
1759 2186 1821 2240 in
1861 2196 2086 2241 textum
2121 2206 2283 2241 rece-

934 2287 1134 2362 perim.
1163 2285 1226 2342 N
1228 2305 1293 2341 ec
1319 2286 1604 2342 minorem
1638 2308 1836 2344 curam
1874 2300 2062 2365 textus
2091 2311 2283 2347 emen·

935 2393 1150 2450 dationi
1191 2392 1487 2468 impendi,
1538 2380 1723 2451 multo
1759 2395 2104 2469 difficiliori,
2154 2408 2279 2455 tum

934 2499 1091 2574 quod
1140 2519 1260 2555 uno
1309 2509 1533 2556 tantum
1590 2501 1785 2557 codice
1841 2501 2043 2557 utebar
2075 2545 2094 2571 ,
2151 2513 2279 2559 tum

931 2605 1089 2680 quod
1122 2606 1392 2663 orationis
1436 2607 1863 2665 distinctionem
1906 2618 2003 2666 aut
2055 2608 2277 2665 nullam

931 2725 1030 2771 aut
1097 2734 1431 2789 perversam
1487 2716 1831 2793 plerumque
1899 2714 2273 2790 reperiebam.
