2748 3834
904 512 1052 571 xxxij
1322 515 1827 552 COMMENTAnms

905 621 1043 669 modi
1074 615 1378 666 vaticinatio.
1405 611 1500 658 Sed
1524 626 1635 656 ecce
1656 617 1832 654 auctor
1857 610 2105 655 recentior
2139 609 2253 669 ille,

906 717 952 754 ct
975 706 1234 759 barbarus,
1262 699 1401 758 cujus
1420 694 1755 757 fragmentum
1772 693 1826 740 in
1846 693 2174 741 Collectaneis
2193 693 2255 740 ad

905 791 1087 839 calcem
1106 785 1290 834 Codini
1313 790 1478 840 extat,
1511 781 1628 829 edit.
1655 782 1785 829 citat.
1811 798 1918 845 pag.
1947 799 2010 846 90
2029 782 2129 829 No.
2159 782 2250 829 182

905 886 951 925 et
981 879 1088 925 185.
1130 875 1320 938 quique
1343 872 1489 918 istam
1512 870 1672 932 ipsam
1700 870 1966 918 historiam
1990 888 2081 917 suo
2105 869 2258 916 modo

904 964 1213 1023 retractavit,
1236 962 1382 1023 longe
1407 958 1552 1005 aliter
1576 975 1683 1005 rem
1702 956 1956 1006 intellexit
1977 975 1985 1004 :
2010 959 2040 1004 J
2044 974 2260 1005 oannem

904 1055 1122 1116 aliquem
1139 1047 1502 1114 philosophum
1519 1055 1814 1110 praesentem
1834 1047 1989 1096 fuisse
2009 1066 2017 1094 ε
2040 1064 2259 1110 cumque

905 1144 1242 1201 exclamasset,
1263 1138 1394 1202 apud
1412 1139 1809 1187 Demosthenem
1826 1157 1877 1187 se
1899 1140 2118 1203 reperire
2139 1138 2262 1188 vati-

907 1230 1099 1279 cinium
1125 1228 1185 1275 de
1216 1228 1335 1275 clari
1357 1227 1615 1291 cujusdam
1633 1227 1856 1277 hominis
1882 1230 1975 1277 sub
1996 1228 2095 1276 hoc
2115 1228 2258 1291 signo

906 1320 1139 1380 interitu,
1166 1336 1191 1365 e
1214 1318 1429 1381 vestigio
1460 1318 1557 1381 ipsi
1577 1336 1680 1366 esse
1704 1337 1731 1367 a
1750 1319 2041 1382 Philippico
2069 1318 2262 1364 Caesare

905 1410 1232 1472 imperatum,
1256 1413 1313 1454 ut
1333 1405 1382 1454 id
1406 1406 1609 1469 signum
1630 1406 1807 1454 eodem
1828 1407 1940 1454 loco
1974 1405 2232 1453 defoderet
2253 1421 2262 1450 :

905 1498 1075 1560 itaque
1097 1513 1200 1543 esse
1221 1494 1436 1558 factum,
1466 1495 1665 1559 signum
1691 1496 1784 1542 alia
1807 1495 1999 1543 ratione
2027 1512 2131 1542 non
2165 1510 2264 1556 po—

907 1587 1059 1631 tuisse
1083 1583 1253 1630 deleri.
1277 1571 1444 1635 Ῐωοέννης
1469 1584 1509 1628 δέ
1531 1604 1587 1635 τις
1617 1587 1828 1647 φιλόσοφός
1860 1602 1993 1646 φησιν,
2039 1588 2094 1627 ὅτι
2118 1584 2174 1642 μὰ
2198 1584 2264 1629 τὴν

906 1676 1005 1717 θείαν
1021 1677 1200 1735 πρόνοιαν
1219 1676 1339 1723 οὕτως
1361 1675 1525 1736 εὑρίσκω
1545 1675 1583 1718 ἐν
1605 1679 1683 1724 τοῖς
1709 1676 1981 1733 Δημοσθένους
2008 1676 2267 1733 συγγράμμα-

909 1780 989 1814 σιν,
1019 1762 1258 1806 ὑπὸτούτου
1278 1769 1346 1806 τοῦ
1375 1762 1518 1814 ’ςωδιόυ
1549 1765 1832 1811 ἀποκτανθῆναι
1866 1761 2022 1813 ἔνδοξον
2053 1760 2193 1821 ἄνδρα.
2222 1760 2264 1808 ὃς

907 1851 967 1892 καὶ
1001 1850 1168 1910 παρευθὺ
1203 1856 1256 1908 τῷ
1294 1849 1451 1904 βασιλεῖ
1478 1851 1694 1906 Φι).ιππικῷ
1738 1851 2038 1909 πληροφορήσας
2076 1850 2267 1893 ueletiam

908 1945 1132 1998 καταχῶσαι
1173 1945 1227 1996 τῷ
1263 1938 1369 1995 αὐτῷ
1412 1935 1539 1994 ζωδίῳ
1586 1933 1600 1993 l
1630 1935 1863 1980 Lambec.
1912 1934 2128 1981 Animad
2140 1951 2267 1981 vers.

910 2042 1014 2086 pag.
1044 2024 1137 2069 215
1160 2021 1415 2081 emendat,
1454 2026 1495 2067 τὸ
1522 2025 1615 2067 αὐτὸ
1641 2023 1807 2085 ζῴδιον]
1831 2026 1869 2068 ἐν
1893 2031 1946 2085 τῷ
1967 2026 2072 2085 αὐτῷ
2096 2029 2218 2084 τόπῳ.
2247 2025 2265 2066 ὃ

910 2115 972 2157 καὶ
1005 2116 1159 2173 γέγονε,
1215 2113 1277 2157 διὰ
1308 2115 1349 2158 τὸ
1389 2117 1439 2172 μὴ
1485 2113 1670 2172 δέχεσθαι
1709 2116 1970 2164 καταλύσεως.
2015 2113 2076 2159 Id
2119 2129 2269 2160 omne

911 2217 1063 2263 quam
1096 2207 1228 2246 recte
1252 2201 1323 2247 sic
1353 2200 1663 2247 intellexerit
1690 2201 1781 2248 iste
1807 2209 1983 2248 auctor
2001 2238 2013 2262 ‚
2050 2201 2266 2248 aliorum

912 2292 971 2339 sit
994 2289 1240 2351 judicium
1266 2309 1275 2337 :
1312 2308 1404 2338 nec
1432 2309 1506 2338 res
1529 2298 1602 2339 est
1626 2293 1765 2339 tanti.
1792 2293 1908 2340 Hoc
1929 2292 2095 2340 solum
2124 2292 2264 2340 dico:

912 2381 954 2427 si
987 2380 1041 2428 in
1082 2379 1194 2426 loco
1232 2379 1330 2427 hoc
1368 2381 1527 2427 nostri
1555 2398 1659 2429 non
1685 2381 1743 2428 fit
1783 2380 1919 2445 Lydi
1955 2382 2268 2444 mentiojfit

911 2468 1074 2516 multo
1092 2468 1262 2516 minus
1287 2469 1341 2516 in
1368 2470 1579 2533 reliquis
1595 2508 1607 2532 ‚
1650 2471 1848 2533 quoties
1872 2471 2092 2533 aliquem
2113 2472 2143 2517 J
2147 2489 2267 2518 oan-

911 2575 1031 2606 nem
1058 2557 1283 2606 Codinus
1303 2558 1477 2606 laudat
1500 2578 1508 2605 :
1532 2577 1625 2606 nec
1648 2548 1727 2621 ea,
1751 2577 1870 2622 quae
1890 2560 2211 2624 legunturCo
2226 2561 2268 2607 l·

912 2647 1092 2692 lectan.
1130 2663 1237 2708 pag.
1267 2663 1375 2694 102.
1402 2648 1502 2695 No.
1534 2648 1625 2695 205
1663 2646 1723 2694 de
1748 2648 1943 2695 Joanne
1966 2653 2264 2712 Διακριυομέυῳ·

909 2741 1046 2788 καθὼς
1073 2726 1251 2790 Ϊωοέννης
1279 2742 1297 2783 ὁ
1322 2743 1619 2803 Διακρινόμενος
1646 2743 1758 2802 λέγει·
1784 2740 1874 2803 qui
1905 2740 2025 2787 alibi
2056 2756 2161 2803 pag.
2188 2757 2267 2804 97,

913 2826 1013 2872 No.
1030 2842 1047 2872 1
1060 2826 1136 2890 96.
1148 2833 1196 2873 et
1211 2843 1314 2891 pag,
1330 2845 1392 2894 99
1401 2829 1501 2876 No.
1519 2846 1537 2876 1
1550 2846 1627 2895 99.
1641 2830 1826 2878 omisso
1838 2829 1868 2876 J
1870 2829 2048 2878 oannis
2059 2828 2266 2877 nomine

2260 2922 2270 2934 e

2253 2939 2272 2964 0
