2748 3834
907 502 982 532 XX
1324 492 1835 530 COMMENTARIUS

909 598 1021 642 tatis
1058 594 1284 641 codicum
1314 591 1449 652 Lydi
1486 589 1734 636 Arabicus
1768 588 2017 634 tumultus
2050 585 2254 635 videtur

907 699 1006 728 una
1031 697 1132 726 esse
1154 694 1323 724 causa:
1347 676 1499 722 altera
1521 671 1757 735 fortasse,
1789 673 1927 736 quod
1954 681 2129 722 auctor
2168 692 2252 722 su-

907 773 1101 830 spectus
1123 771 1246 811 esset
1282 762 1342 810 de
1376 761 1619 824 religione
1659 778 1667 805 :
1703 762 1864 825 capita
1888 762 2024 809 enim
2054 763 2159 826 ejus
2186 779 2251 809 ex

902 853 1188 916 aruspicina
1219 852 1525 914 scientiaque
1554 851 1781 914 augurali
1807 851 1960 914 petita
1987 850 2250 898 offendisse

902 944 1171 992 hominum
1219 943 1412 989 animos
1452 976 1463 1000 ‚
1516 938 1648 987 infra
1680 941 1870 1004 patebit
1907 957 2012 1003 pag.
2055 940 2166 1002 xxij
2202 946 2250 986 et

898 1033 1032 1080 xxiv
1057 1048 1082 1077 e
1103 1029 1276 1077 Photii
1293 1027 1582 1091 Leonisque
1601 1028 1805 1077 Caesaris
1827 1028 1951 1076 locis
1973 1046 1982 1075 :
2006 1045 2118 1091 quae
2140 1028 2250 1091 qui·

905 1122 1017 1169 dem
1043 1118 1237 1167 invidia
1264 1116 1513 1180 quosdam
1531 1154 1543 1174 ,
1584 1118 1671 1181 qui
1698 1118 1755 1165 in
1772 1118 2087 1166 monasteriis
2109 1116 2247 1165 codi-

898 1228 974 1259 ces
995 1207 1340 1255 describebant
1359 1245 1371 1269 ‚
1396 1208 1698 1271 promtiores
1716 1205 1927 1255 fortasse
1942 1206 2161 1254 reddidit
2186 1205 2247 1254 ad

896 1295 1288 1361 extinguendam
1316 1297 1421 1359 ejus
1443 1285 1740 1345 memoriani
1759 1334 1771 1358 ,
1800 1314 1952 1360 quam
1978 1295 2039 1344 ad
2061 1312 2245 1360 propa—

892 1385 1118 1451 gandam.
1143 1385 1317 1432 Tertia
1340 1402 1486 1433 causa
1514 1386 1733 1433 raritatis
1759 1384 1992 1433 codicum
2016 1385 2150 1450 Lydi
2172 1392 2244 1432 est

893 1472 1195 1538 excerpendi
1212 1472 1460 1536 studium,
1485 1475 1625 1538 quod
1644 1476 1898 1523 invaserat
1917 1475 2122 1521 Graecos
2142 1492 2150 1521 :
2171 1481 2242 1533 ut,

891 1581 991 1627 quo
1011 1563 1122 1627 quis
1138 1571 1263 1611 esset
1279 1564 1435 1628 magis
1453 1564 1626 1612 varius
1644 1571 1691 1611 et
1709 1564 2044 1627 quaestionum
2064 1562 2245 1626 plenus

887 1656 1030 1715 liber,
1048 1675 1105 1704 eo
1125 1659 1365 1721 majorem
1381 1658 1728 1707 breviantium
1743 1659 1944 1705 turbam
1958 1657 2209 1704 allectaret
2229 1673 2239 1701 :

888 1745 975 1808 qui
997 1754 1183 1809 quanta
1199 1747 1360 1795 literis
1378 1747 1564 1795 nostris
1584 1745 1886 1794 detrimenta
1902 1747 2241 1810 importarint,

887 1854 1001 1884 cum
1042 1835 1187 1885 factis
1230 1836 1648 1885 deflorationibus
1711 1836 1808 1899 (ut
1838 1836 2047 1882 illorum
2082 1837 2241 1884 verbo

886 1930 1026 1995 utar)
1048 1931 1157 1996 ipsa
1179 1948 1330 1996 opera
1350 1931 1725 1995 negligerentur
1744 1966 1755 1991 ‚
1774 1936 1887 1992 post
1901 1929 1931 1974 J
1936 1937 2106 1976 ustum
2122 1930 2239 1992 Lip—

888 2025 1017 2072 sium
1037 2026 1163 2074 Var.
1188 2026 1328 2074 Lect.
1350 2025 1466 2073 Lib.
1489 2023 1574 2071 III
1597 2039 1703 2086 cap.
1725 2039 1801 2086 27.
1823 2022 1954 2086 Opp.
1978 2020 2093 2069 edit.
2107 2021 2241 2069 Ant-

888 2132 1029 2179 verp.
1047 2116 1160 2164 Fol.
1185 2117 1334 2164 Tom.
1355 2117 1381 2164 I
1403 2132 1512 2180 pag.
1535 2114 1613 2163 65.
1640 2114 1790 2162 multi
1813 2120 1931 2161 sunt
1957 2113 2236 2176 conquesti.

885 2204 982 2254 Sed
1010 2205 1685 2270 priusquam-recognoscam
1712 2240 1725 2265 ‚
1763 2210 1888 2266 quot
1915 2202 2146 2266 epitomae
2171 2220 2239 2251 ex

882 2295 1044 2343 tribus
1076 2296 1212 2361 Lydi
1240 2297 1385 2345 libris
1423 2313 1530 2344 saec.
1557 2311 1616 2343 IX
1651 2301 1700 2342 et
1730 2293 1964 2358 deinceps
2001 2293 2238 2342 confectae

882 2387 1066 2433 nostris
1106 2387 1160 2434 in
1184 2386 1511 2434 bibliothecis
1539 2384 1724 2448 passim
1757 2391 1932 2433 extent
1959 2391 2048 2431 :ut
2082 2383 2238 2447 magis

881 2484 1147 2538 appareat,
1189 2494 1292 2539 quo
1329 2482 1474 2538 pacto
1507 2491 1607 2521 una
1649 2491 1765 2521 cum
1802 2473 2030 2521 aetatibus
2071 2472 2237 2520 homi-

879 2583 1005 2614 num
1040 2566 1178 2631 Lydi
1219 2566 1405 2628 scripta
1440 2563 1626 2611 sensim
1667 2562 1976 2611 evanuerint
2015 2581 2024 2608 :
2062 2570 2234 2609 aucto-

878 2671 956 2701 res
1000 2671 1212 2717 graecos,
1269 2653 1359 2714 qui
1397 2652 1544 2698 etiam
1585 2657 1697 2714 post
1730 2649 2011 2697 tumultum
2048 2649 2235 2697 Arabi-

880 2759 996 2789 cum
1039 2741 1175 2805 Lydi
1216 2740 1528 2788 mentionem
1575 2738 1806 2787 fecerunt
1841 2776 1853 2800 ,
1923 2739 2231 2786 conservatis

880 2830 1191 2894 temporibus
1238 2847 1341 2879 uno
1378 2830 1434 2878 in
1467 2836 1740 2894 conspectu
1788 2828 1874 2878 hic
1916 2844 2091 2876 omnes
2142 2844 2231 2890 po-
