2748 3834
673 543 1042 577 nmrunmcn:
1077 544 1342 576 nonnuli
1376 547 1475 578 mn.
1512 547 1545 578 ι.
1726 531 1790 598 67

424 618 680 678 Quintum
713 617 921 666 Fabium
948 617 1182 666 consules
1204 619 1514 667 nominasset
1532 654 1546 678 ‚
1578 617 1791 670 dictatu·

426 714 532 745 ram
563 696 810 763 deposuit.
839 691 1032 745 Rursus
1059 713 1197 745 anno
1220 713 1248 744 a
1281 696 1548 745 consulatu
1579 697 1791 764 quadra-1

427 777 616 842 gesimo
650 785 825 823 octavo
850 774 1066 823 dictator
1090 784 1285 823 creatus
1309 785 1383 823 est
1406 775 1556 824 Caius
1578 777 1788 839 Mamm-2

424 873 527 903 cus.
564 854 711 903 Plebe
748 871 866 903 vero
905 855 1153 902 iterum...
1195 852 1397 901 tribuni
1434 852 1661 902 militum
1689 865 1789 914 tres

422 935 574 982 creati
611 943 734 982 sunt
772 951 782 980 :
822 934 914 999 qui
948 949 1066 980 cum
1107 932 1474 998 rempublicam
1507 934 1787 999 agitarent,

421 1013 635 1065 dictator
653 1012 820 1060 dictus
838 1012 1076 1059 est-Titus
1098 1012 1344 1071 Quintius
1360 1047 1374 1071 ,
1410 1013 1503 1079 qui
1535 1013 1668 1061 intra
1693 1023 1787 1062 tre-

419 1093 582 1141 decim
615 1101 816 1140 tantum
857 1091 987 1151 dies,
1026 1091 1195 1140 sedato
1232 1092 1439 1141 dissidio
1459 1129 1473 1153 ,
1507 1093 1782 1159 imperium

418 1172 605 1237 posuit.
645 1174 794 1218 Anno
827 1180 995 1218 autem
1036 1186 1064 1217 a
1095 1170 1374 1222 consulatu
1417 1173 1784 1238 septuagesimo

418 1258 600 1316 quarto
610 1262 629 1308 ,’
658 1248 933 1314 Tyrrhenis
949 1248 1315 1314 rempublicam
1340 1248 1783 1315 perturbantibus,

415 1338 624 1396 propter
653 1327 775 1376 belli
810 1327 1216 1394 magnitudinem
1241 1328 1457 1378 dictator
1481 1339 1676 1378 creatus
1709 1338 1786 1378 est

415 1410 612 1456 Marcus
631 1406 887 1467 AEmilius,
919 1417 968 1455 et
988 1417 1101 1472 post
1126 1423 1244 1455 eum
1266 1406 1477 1455 Publius
1491 1442 1507 1466 ‚
1533 1409 1626 1473 qui
1646 1408 1781 1454 intra

413 1485 628 1538 sedecim
650 1496 850 1534 tantum
871 1485 1004 1547 dies,
1023 1502 1140 1533 cum
1163 1484 1356 1533 bellum
1371 1495 1546 1534 contra
1561 1484 1781 1550 Tyrrhe-

414 1582 507 1612 nos
541 1565 935 1613 administrasset
971 1602 985 1624 ‚
1033 1565 1295 1613 abdicavit.
1335 1568 1531 1625 Rursus
1561 1581 1589 1612 a
1630 1564 1779 1630 plebe

412 1645 587 1692 creatis
622 1642 844 1692 tribunis
867 1679 881 1702 ‚
920 1654 971 1692 et
995 1653 1179 1691 senatu
1219 1643 1485 1692 obtinente
1515 1679 1528 1702 ,
1564 1643 1780 1692 dictator

410 1721 576 1770 dictus
600 1731 672 1770 est
696 1722 950 1781 Quintus,
990 1722 1082 1787 qui
1117 1722 1251 1787 intra
1272 1728 1387 1777 octo
1417 1721 1524 1780 dies
1550 1757 1564 1782 ,
1604 1738 1778 1771 recon-

410 1799 573 1847 ciliata
604 1801 802 1847 civitate
820 1835 833 1858 ,
862 1799 1124 1847 abdicavit.
1154 1803 1303 1847 Hunc
1329 1810 1532 1848 secutus
1563 1799 1774 1848 Publius

408 1876 673 1926 Cornelius
697 1879 899 1935 Cossus,
925 1893 1078 1940 quem
1100 1877 1244 1923 Titus
1260 1877 1519 1939 Quintius.
1541 1876 1617 1924 Ab
1635 1894 1774 1926 anno

405 1967 574 2004 autem
594 1973 622 2003 a
637 1953 900 2002 consolatu
923 1955 1198 2002 centesimo
1215 1955 1468 2002 tricesimo
1484 1965 1622 2004 sexto
1639 1992 1654 2014 ‚
1678 1957 1774 2022 qui

404 2042 477 2080 est
499 2029 797 2092 Olympadis
823 2031 1108 2073 centesimae
1130 2029 1318 2087 tertiae,
1347 2031 1773 2091 quinquennium
1854 2034 1857 2037 ’

401 2108 635 2178 principe
666 2105 828 2153 caruit
865 2105 1053 2153 civitas.
1103 2107 1374 2169 Postquam
1417 2121 1537 2152 vero
1584 2107 1772 2156 iterum

402 2186 635 2237 consules
648 2185 828 2244 creati,
844 2200 872 2230 e
889 2184 1114 2249 patriciis
1128 2193 1350 2248 quatuor
1359 2183 1547 2245 aediles,
1564 2185 1775 2253 duoque

402 2274 698 2332 quaestor-es,
725 2272 775 2309 et
789 2271 974 2327 praetor
992 2260 1012 2323 (
1026 2260 1078 2308 id
1098 2270 1172 2308 est
1186 2296 1199 2319 ‚
1218 2260 1323 2333 dux
1338 2260 1359 2325 )
1374 2289 1391 2321 ,
1411 2260 1559 2327 legati
1576 2263 1662 2328 (id
1681 2275 1771 2326 est,

402 2342 658 2393 inferioris
694 2339 891 2388 ordinis
929 2339 1143 2404 duces),
1177 2348 1227 2387 et
1261 2338 1531 2387 duodecim
1570 2340 1770 2390 tribuni

399 2423 544 2472 electi
566 2429 716 2478 sunt3
762 2419 885 2485 quia
900 2406 1187 2466 ‘Alexander
1211 2417 1415 2466 Macedo
1440 2417 1635 2471 ,bellum
1663 2420 1768 2470 illa-

400 2511 549 2548 tnrus
566 2498 806 2554 Romanis
836 2495 1127 2563 putabatur.
1153 2496 1454 2546 Conturbati
1483 2508 1652 2546 autem
1674 2502 1769 2547 Ro·

401 2579 538 2626 mani
570 2615 584 2638 ,
638 2587 696 2625 ut
742 2576 971 2642 Papirius
1013 2577 1202 2623 Cursor
1249 2574 1450 2624 obviam
1493 2577 1771 2643 imperator

383 2655 678 2703 -Alexandro
700 2657 819 2714 iret,
847 2655 1130 2714 deerevere,
1164 2669 1485 2720 auguresque
1517 2666 1566 2703 et
1598 2658 1767 2722 ponti-

403 2730 521 2778 fices
539 2743 844 2781 creaverunt.
858 2737 1039 2799 Aperte
1055 2744 1226 2782 autem
1245 2733 1436 2783 cladem
1456 2745 1766 2801 exspectant,

401 2810 496 2877 qui
521 2819 744 2873 tempore
763 2811 882 2858 belli
902 2812 964 2859 ad
984 2830 1155 2877 preces
1171 2811 1491 2878 confugiunt.
1510 2817 1660 2861 Anno
1679 2830 1764 2859 au-

404 2896 504 2935 tem
531 2886 876 2955 ducentesimo
903 2892 1205 2954 sexagesimo
1229 2891 1376 2937 tertio
1399 2885 1582 2955 praetor
1608 2890 1765 2947 alius,

1486 2975 1563 3030 92
