2748 3834
1021 487 1116 536 238
1319 500 1461 532 Lym
1493 499 1556 528 DE
1586 495 2052 528 MAGISTRATIBUS

1014 583 1093 639 ρῶν
1106 610 1120 631 ,
1141 573 1239 634 μηδὲ
1261 573 1326 616 τόν
1343 570 1503 612 Παῦλον
1520 570 1650 627 ἀρκεῖν
1668 567 1766 627 πρὸς
1787 566 2000 622 ἀπόδοσιν,
2024 565 2120 625 μηδὲ
2141 568 2362 637 Ζηνόδοτον

1014 655 1111 712 πρὸς
1129 649 1302 701 ἔνδοσιν,
1327 644 1398 688 δύο
1412 643 1597 702 Υχιλιάδας
1625 646 1790 704 χρυσίου
1814 643 1955 688 δέδωκε
1973 645 2109 707 λιτρῶν
2133 647 2240 707 αὐτῷ
2254 681 2269 701 ,
2290 648 2362 697 τάς

1011 729 1078 786 μέν
1105 724 1228 783 χιλίας
1244 726 1299 780 τῷ
1321 726 1452 782 χρήζῃ
1462 755 1476 777 ,
1493 722 1563 771 τάς
1578 719 1619 765 δὲ
1630 721 1856 781 λειπομένας
1877 718 2092 783 (τοσαῦται
2107 720 2149 767 δὲ
2163 721 2261 771 ἦσαν
2274 719 2292 782 )
2307 727 2361 783 τῷ

1010 802 1158 860 Παύλῳ
1173 802 1447 860 χαρισάμενος.

1077 877 1157 933 49.
1186 866 1282 935 Εγώ
1315 874 1356 918 δὲ
1377 875 1587 937 ἀνας-ρέφω
1617 880 1672 936 τῷ
1693 872 1800 935 λόγῴ
1823 875 1922 939 πρὸς
1958 877 2148 938 Μαρῖνον.
2174 866 2362 921 Εκλαέὼν

1010 956 1136 1002 τοίνυν
1166 954 1292 1014 Σύρος
1316 955 1412 1014 ἀνὴρ
1443 952 1509 996 καὶ
1538 954 1706 1014 πονηρὸς
1730 954 1783 1003 ὡς
1808 953 1971 1003 ἐπιεικὴς
1999 953 2090 1003 τοὺς
2121 957 2288 1016 φόρους,
2313 954 2363 998 τά

1010 1033 1078 1092 μὲν
1100 1032 1355 1093 βουλευτήρια
1377 1035 1513 1076 πασῶν
1530 1030 1723 1092 παρέλυσε
1736 1036 1811 1077 τῶν
1830 1032 2001 1087 πόλεων,
2022 1033 2256 1091 ἀπεμπολῶν
2271 1031 2363 1082 τοὺς

1011 1110 1205 1161 ὑπηκόους
1224 1108 1358 1163 παντὶ,
1378 1109 1432 1158 ὡς
1449 1111 1582 1169 ἔτυχεν
1591 1141 1606 1162 ,
1631 1109 1666 1151 εἷ
1684 1110 1802 1169 μόνον
1816 1107 1924 1168 αὐτῷ
1938 1109 1982 1153 τὸ
1998 1109 2111 1153 πλέον
2129 1109 2339 1168 ὑπόσχοιτο
2348 1140 2364 1164 ,

1011 1187 1074 1231 καὶ
1113 1186 1198 1231 ἀντὶ
1227 1192 1303 1232 τῶν
1322 1187 1514 1230 ’ἀνέκαθεν
1558 1190 1796 1247 ςηριζόντων
1821 1187 1870 1230 τὰ
1903 1189 2115 1247 πράγματα
2144 1185 2364 1243 βουλευτῶν

1011 1267 1293 1326 προχειρίζεται
1312 1263 1402 1314 τοὺς
1429 1265 1663 1324 λεγομένους
1682 1262 1855 1320 βίνδικας
1880 1265 1898 1320 (
1914 1250 2064 1314 Ῐταλοῖς
2080 1260 2120 1303 ³)
2152 1266 2249 1307 θεὸν
2266 1266 2366 1308 ἀπο-

1012 1342 1189 1397 καλεῖν),
1219 1342 1255 1385 οἳ
1277 1341 1563 1403 παραλαὸόντες
1585 1341 1677 1391 τοὺς
1701 1341 1913 1395 συντελεῖς,
1949 1339 2059 1385 οὐδὲν
2085 1341 2275 1399 πολεμίων
2292 1339 2366 1388 ἧσ-
2392 1396 2395 1397 ⁷

1012 1434 1084 1462 σον
1101 1420 1171 1467 τὰς
1191 1419 1321 1467 πόλεις
1338 1416 1527 1469 διέθηκαν.
1549 1419 1633 1463 Καὶ
1649 1420 1790 1479 γίνεται
1809 1417 1886 1477 μὲν
1897 1418 2170 1478 πολύχρυσος,
2187 1419 2290 1478 εἴπερ
2311 1433 2367 1465 τις

1013 1495 1152 1549 ἄλλος,
1172 1496 1192 1539 ὁ
1210 1494 1416 1552 βασιλεὺς,
1435 1497 1499 1539 καὶ
1514 1494 1599 1555 μετ’
1615 1496 1733 1540 αὐτὸν
1755 1497 1775 1539 ὁ
1795 1497 1974 1556 Μαρῖνος
1982 1528 1997 1549 ,
2014 1495 2078 1538 καὶ
2099 1498 2183 1538 ὅσοι
2197 1495 2369 1554 Μαρῖνοι

1014 1574 1116 1622 ὅντες
1137 1567 1177 1611 2)
1207 1573 1358 1622 ἁπλῶς·
1383 1573 1529 1633 ἀπορία
1559 1570 1603 1615 δὲ
1629 1571 1820 1621 παντελὴς
1856 1570 1920 1614 καὶ
1948 1571 2078 1619 πενίας
2101 1568 2233 1636 βάθος,
2252 1562 2370 1614 κατέ-Δ

1012 1666 1073 1695 πιε
1094 1652 1144 1695 τὰ
1165 1654 1376 1712 πράγματα
1391 1644 1454 1704 5),
1480 1649 1524 1693 τὸ
1543 1649 1678 1695 λοιπὸν
1694 1656 1764 1699 τῆς
1789 1648 2052 1710 ἐπαρχότητος
2072 1650 2206 1710 τρόπῳ
2230 1663 2371 1706 χαμαι-

1014 1727 1130 1778 ζήλου
1151 1727 1317 1778 δικαςοῦ
1333 1729 1469 1786 μόναις
1485 1719 1571 1776 ταῖς
1587 1725 1794 1777 ἰδιωτικαῖς
1809 1723 2061 1776 διαδικασίαις
2082 1726 2368 1785 σχολαζούσης.

951 1829 953 1832 -
1012 1796 1165 1865 Ηυθρία
1203 1804 1244 1850 δὲ
1278 1810 1386 1864 ὅμως
1425 1806 1445 1849 ὁ
1480 1807 1686 1867 Μαρῖνος,
1717 1805 1782 1850 καὶ
1817 1807 1884 1854 τὴν
1919 1807 2042 1867 ἀρχὴν
2069 1802 2192 1848 ἐδόκει
2225 1810 2337 1863 τιμᾷν
2355 1835 2370 1858 ,

1744 1867 1762 1881 .,

896 2417 998 2462 Ἢ

895 2459 922 2494 f.
942 2471 1034 2506 770,

1011 1884 1124 1942 τέχνῃ
1154 1883 1218 1926 τὸν
1244 1885 1382 1944 φθόνον
1411 1880 1703 1943 ἀπωθούμενος.
1734 1882 1854 1927 Ενθεν
1867 1915 1883 1938 ,
1917 1888 1992 1927 τῶν
2025 1881 2218 1941 δημοσίων
2241 1883 2372 1941 ὥσπερ

1011 1957 1076 2019 ὑφ’
1094 1958 1245 2019 ἑτέρους
1268 1959 1506 2013 τελούντων,
1535 1959 1601 2002 καὶ
1618 1962 1671 2017 μὴ
1697 1960 1798 2003 κατὰ
1818 1957 1924 2009 τάξιν
1949 1959 2242 2019 πραττομένων,
2265 1956 2371 2001 ὑπώ-
2428 2008 2431 2010 ‚

1011 2034 1135 2078 λισθεν
1167 2037 1190 2081 ἡ
1219 2033 1324 2084 τάξις
1354 2034 1418 2075 καὶ
1441 2034 1571 2081 πενίας
1607 2034 1800 2093 ἐνήρχετο·
1829 2034 1870 2076 τί
1892 2035 1967 2092 γάρ
1990 2035 2216 2093 περιεγίνετο
2241 2031 2339 2091 αὐτῇ
2354 2064 2368 2086 ,

1011 2112 1147 2169 μόναις
1165 2102 1248 2157 ταῖς
1275 2106 1396 2155 δίκαις
1414 2111 1490 2150 τῶν
1512 2106 1671 2151 ἰδιωτῶν
1694 2105 2048 2168 ἐξυπηρετουμένῃς

1081 2183 1161 2231 50,
1197 2185 1336 2232 Οὕτως
1355 2178 1423 2226 οὖν
1438 2189 1515 2227 τῶν
1536 2186 1774 2244 πραγμάτων
1792 2183 1868 2227 ὑπὸ
1891 2189 1947 2243 τῷ
1963 2185 2130 2244 Μαρίνῳ
2150 2185 2369 2237 πεσόντων,

1013 2258 1224 2305 συνεῖδεν“
1207 2277 1227 2302 ο
1250 2258 1434 2316 βασιλεὺς
1466 2259 1579 2320 ἑτέρᾳ
1615 2266 1706 2317 τιμῇ
1738 2259 1805 2307 τὴν
1835 2260 1989 2317 ἀτιμίαν
2018 2260 2368 2321 παραμυθήσασθαι
2410 2252 2412 2255 ’

1011 2343 1079 2386 τῆς
1107 2338 1245 2396 ἀρχῆς.
1285 2338 1375 2379 Τῶν
1411 2339 1508 2395 γοῦν
1542 2333 1743 2379 δικανικῶν
1773 2336 1947 2398 ῥητόρων
1987 2336 2078 2385 τοὺς
2110 2337 2276 2397 ἀρίςους
2308 2335 2370 2380 ἐπὶ

1014 2417 1081 2462 τὴν
1109 2415 1233 2474 ἀρχην
1259 2414 1469 2473 προύφερε·
1501 2413 1573 2456 καί
1588 2408 1629 2452 )
1652 2429 1745 2457 ποτε
1766 2413 1865 2473 πρὸς
1891 2420 1958 2461 τῆς
1982 2420 2150 2490 γαμετῆς
2174 2401 2369 2472 Ᾱριάδνης

1015 2491 1247 2550 ὀχλούμενος
1270 2521 1283 2543 ,
1318 2489 1495 2547 Ανθεμίῳ
1532 2494 1587 2547 τῷ
1622 2482 1839 2550 Ᾱνθεμίου,
1877 2493 1947 2532 τοῦ
1975 2479 2116 2546 Ρώμης
2143 2487 2367 2544 βεὸασιλευ·

1011 2571 1148 2623 κότος,
1185 2565 1290 2612 παιδὶ
1322 2583 1390 2614 την
1423 2568 1547 2627 ἀρχὴν
1578 2565 1810 2627 ἐγχειρίσαι,
1846 2568 2133 2626 ηγανάκτησεν,
2163 2567 2277 2611 εἰπὼν
2300 2565 2368 2621 δε,

1012 2642 1174 2704 μηδενὸς
1208 2644 1233 2690 ἢ
1262 2644 1387 2702 μόνων
1415 2643 1579 2702 λογικῶν
1607 2641 1718 2693 ἀξίαν
1742 2643 1835 2710 εἶναι
1863 2659 1930 2692 την
1962 2644 2218 2704 ἐπαρχότητα.
2244 2629 2387 2692 Οπως’

1070 2750 1116 2806 1)
1143 2752 1258 2793 Patet
1277 2752 1438 2805 ,aliquid
1465 2753 1670 2794 excidisse.
1712 2755 1763 2805 2)
1788 2753 1887 2794 cod.
1902 2756 2129 2808 μαρινιόντες.
2170 2753 2220 2803 5)
2247 2749 2366 2792 Conf.

1013 2832 1084 2870 111,
1107 2832 1157 2870 9,
1191 2820 1260 2869 14,
1285 2819 1336 2858 66
1355 2849 1364 2871 ,
1385 2823 1616 2873 πραγμάτων.
