2748 3834
838 504 918 538 un
951 502 1189 539 JoANNE
1222 502 1408 536 LYno.
1677 484 1796 534 lxix

414 582 428 598 ἱ
442 601 629 650 simum
652 602 911 666 ingenium
939 601 1215 666 philologia
1234 598 1560 660 excoluerat,
1582 596 1799 647 Lutetiae

442 689 626 755 degens
643 691 744 754 jam
765 699 874 740 tum
899 691 1027 739 mihi
1043 697 1150 738 erat
1165 687 1340 737 officiis
1354 723 1368 747 ,
1387 704 1483 736 usu
1497 723 1511 750 ,
1531 694 1800 735 consuetu-

443 777 561 826 dine
575 777 989 843 jucundissimus.
1011 777 1128 838 Ille,
1162 784 1218 825 ut
1242 784 1316 824 est
1336 774 1518 824 ardens
1534 782 1583 823 et
1604 781 1800 824 erectus

442 866 505 915 ad
530 867 780 916 ornandas
803 865 1057 914 doctrinas
1078 873 1274 913 nostras
1293 902 1307 927 ,
1358 865 1466 912 sine
1485 879 1628 917 mora
1651 880 1799 927 nego-

442 955 574 1003 tium
598 955 818 1018 suscepit
840 971 849 1001 :
875 971 1004 1017 opus
1027 953 1088 1002 de
1112 954 1487 1019 Magistratibus
1509 951 1798 1017 descripsit,

443 1042 767 1102 emendavit,
807 1044 960 1091 vertit
986 1062 995 1090 :
1028 1044 1214 1092 librum
1245 1042 1308 1091 dc
1329 1042 1553 1091 Ostentis
1572 1040 1698 1090 mihi
1719 1058 1801 1089 re-

442 1132 683 1181 servavit.
718 1132 1022 1179 Continetur
1050 1133 1186 1180 enim
1218 1133 1260 1180 is
1291 1131 1419 1180 liber
1450 1132 1505 1180 in
1547 1130 1801 1196 prioribus

422 1236 425 1237 ’
442 1221 636 1287 paginis
654 1220 853 1269 Codicis
869 1218 1119 1270 Caseolini
1145 1221 1164 1284 (
1180 1222 1251 1269 sic
1270 1220 1506 1285 appellati
1526 1237 1592 1268 ex
1612 1236 1804 1284 posses-

442 1326 579 1371 sore,
606 1311 750 1374 cujus
774 1312 982 1372 majores
1002 1311 1259 1359 Comitum
1284 1296 1345 1356 im
1363 1312 1582 1357 Caseoto
1595 1308 1805 1358 nomine

444 1415 606 1463 usque
623 1417 649 1447 a
664 1398 862 1447 decimo
878 1399 1062 1448 saeculo
1076 1399 1342 1447 annalibus
1356 1398 1543 1447 nostris
1561 1396 1808 1446 celebran-

443 1481 564 1547 tur).
591 1489 669 1535 De
698 1488 949 1536 Caseolini
980 1488 1134 1552 igitur
1162 1488 1364 1537 Codicis
1386 1488 1606 1553 origine,
1633 1493 1808 1547 aetate,

443 1573 761 1639 conditione,
795 1593 934 1625 nunc
952 1576 1128 1627 dicam.

511 1755 751 1806 XXXII.
788 1758 1040 1807 Inventus
1070 1766 1143 1807 est
1179 1760 1310 1819 circa
1340 1775 1384 1806 a.
1423 1757 1563 1821 1785.
1597 1760 1802 1820 propter
1864 1764 2034 1827 ’xxxa-,-

447 1842 940 1907 Constantinopolim
958 1881 972 1905 ,
1002 1854 1056 1892 ut
1077 1863 1228 1908 supra
1247 1845 1619 1901 demonstravi,
1643 1821 2052 1901 Cu1·u-·⁰'¹02‘‡„2,‘12!„“¹'

411 1976 413 1979 ,
443 1930 611 1979 cismae
635 1930 698 1993 (is
714 1931 1037 1978 suburbanus
1054 1930 1200 1978 estad
1215 1930 1396 1978 fretum
1417 1932 1594 1995 pagus)
1612 1932 1662 1979 in
1682 1929 1804 1979 villa

441 2018 762 2068 Constantini
775 2019 1035 2081 Slutzaris,
1053 2018 1259 2066 Patricii
1278 2018 1404 2086 viri,
1418 2019 1507 2066 ubi
1525 2019 1678 2065 libros
1698 2019 1806 2066 Vil-

442 2107 573 2157 loiso
589 2108 922 2173 pertractabat
949 2107 1387 2173 afiquammuhos,
1413 2108 1599 2172 partim
1632 2108 1803 2169 cusos,

443 2198 630 2261 partim
650 2198 1021 2261 manuscriptos
1042 2233 1055 2256 ,
1087 2215 1153 2246 ex
1173 2215 1352 2262 magna
1376 2197 1428 2244 N
1432 2197 1579 2245 icolai
1600 2198 1806 2244 Mauro-

446 2285 637 2334 cordati
655 2285 969 2334 Bibliotheca
985 2286 1291 2350 superstites.
1310 2287 1429 2333 Erat
1444 2285 1580 2333 enim
1602 2286 1642 2333 is
1654 2286 1684 2332 J
1687 2301 1803 2333 oan-

445 2392 536 2424 nes
546 2375 790 2424 Nicolaus
801 2374 1083 2431 Alexandri
1094 2376 1153 2423 F.
1167 2374 1606 2432 Maurocordatus‚
1623 2393 1650 2422 e
1665 2376 1804 2423 Scar—

446 2463 665 2514 latorum
690 2474 838 2530 gente
855 2503 868 2528 ,
898 2471 1006 2513 tum
1027 2465 1299 2513 excellenti
1318 2464 1524 2529 ingenio
1542 2463 1806 2529 praedituS,

447 2555 582 2619 quod
605 2557 805 2620 scriptis
830 2555 1180 2619 compluribus
1202 2554 1477 2604 declaravit
1500 2573 1510 2603 ε
1533 2564 1641 2603 tum
1658 2554 1811 2601 libro-

421 2660 563 2692 ‘rum
608 2647 856 2694 rariorum
892 2653 940 2693 et
967 2634 1201 2694 veterum
1236 2639 1510 2693 admodum
1537 2644 1808 2691 studiosus.

452 2723 621 2792 Quare
637 2752 751 2783 cum
770 2735 903 2783 circa
926 2752 966 2782 a.
995 2751 1122 2798 1722
1138 2733 1333 2782 Sullani
1356 2734 1561 2781 nomine
1586 2733 1637 2779 in
1661 2730 1807 2776 Vala-

453 2819 567 2869 chia
589 2830 815 2886 regnaret
837 2859 850 2886 ‚
873 2840 899 2870 e
914 2823 1213 2872 Graecorum
1228 2821 1551 2888 monasteriis
1568 2856 1583 2882 ,
1616 2834 1728 2881 quae
1749 2817 1805 2863 in
