2748 3834
739 480 1120 552 nssrrnnpiciuz
1157 480 1431 514 ROMANAE
1466 459 1573 517 mn.
1609 486 1695 519 ιιι.
1801 460 1899 539 a49

535 552 738 603 nullum
775 554 1066 620 imperatori
1101 552 1434 613 inferebatur3
1464 565 1515 603 at
1547 557 1770 608 militem
1792 576 1898 609 sus·

533 642 727 680 tentare
758 631 1020 698 praefectus
1053 630 1352 696 cogebatur,
1386 648 1666 700 omnesque
1690 651 1896 692 consue.

533 720 610 759 tos
632 709 921 776 reipublicae
942 719 1142 758 sumtus
1170 708 1390 775 praebere
1404 746 1418 770 ‚
1445 711 1537 775 qui
1558 727 1666 760 non
1697 722 1896 764 tantum

532 791 774 854 Syrorum
800 788 990 837 tributa
1006 825 1019 847 ‚
1043 805 1156 854 quoe
1180 787 1387 853 quidem
1414 787 1516 836 sola
1542 792 1714 856 magni
1736 792 1897 860 impe-

533 866 766 916 rantibus
795 867 1043 937 momenti
1076 875 1245 926 erant‚
1281 867 1524 916 amisisset
1539 904 1554 927 ‚
1590 869 1677 918 sed
1717 869 1899 921 addere

532 946 744 1011 insuper
766 955 967 994 sumtus
986 961 1203 993 numero
1227 945 1441 1009 majores
1471 957 1759 1013 cogeretur,
1777 966 1895 998 cum

532 1023 589 1071 in
608 1032 778 1088 captas
791 1022 962 1082 urbes,
986 1032 1098 1071 tum
1119 1023 1173 1070 in
1194 1021 1453 1072 collatores
1466 1058 1480 1082 ,
1495 1023 1537 1072 si
1561 1041 1691 1090 quos
1708 1025 1899 1092 elapsos

530 1102 790 1148 Persarum
807 1099 1027 1148 vinculis
1045 1100 1099 1148 in
1118 1098 1324 1148 desertis
1339 1099 1715 1151 admirabilium
1733 1119 1897 1169 quon-

531 1177 647 1226 dam
672 1177 901 1233 locorum
925 1194 1089 1226 errare
1113 1179 1442 1244 contingeret.

613 1257 691 1307 55.
737 1257 941 1306 Talibus
986 1257 1227 1306 fluctibus
1272 1257 1627 1326 malorumque
1664 1259 1898 1327 procellis

525 1336 706 1399 jactata
739 1334 1021 1401 republica,
1051 1351 1223 1400 parem
1261 1333 1465 1384 fortuna
1495 1336 1656 1402 priori
1691 1337 1898 1402 ignaviae

530 1412 843 1479 diligentiam
868 1413 1142 1461 Justiniani
1178 1414 1418 1479 opposuit
1433 1449 1447 1473 ,
1483 1415 1719 1462 omnium
1742 1416 1898 1481 impe-

529 1501 757 1539 ratorum
795 1490 1239 1556 vigilantissimum
1275 1490 1428 1540 rebus
1464 1490 1769 1558 praeficiens,
1803 1495 1896 1558 qui

527 1570 639 1618 vitae
655 1585 755 1617 suae
767 1569 1014 1633 jacturam
1034 1568 1321 1634 reputabat,
1342 1571 1508 1620 sinon
1528 1579 1896 1637 omnes-secun-

528 1647 653 1696 dum
667 1649 836 1714 ipsum
845 1647 1112 1714 vigilarent
1119 1664 1317 1714 proque
1324 1648 1582 1715 republica
1592 1659 1896 1716 pugnarent,

527 1736 588 1775 ut
606 1744 712 1776 non
731 1737 932 1777 tantum
950 1727 1190 1776 Romanis
1207 1727 1467 1793 quondam
1484 1727 1744 1792 subjectis,
1760 1729 1894 1795 prio·

522 1821 646 1852 rum
666 1804 850 1854 deinde
874 1806 1070 1872 ignavia
1091 1805 1327 1872 perditis,
1347 1814 1525 1855 verum
1550 1805 1909 1873 insuper-hosv»

525 1882 657 1931 tium
684 1883 749 1932 ad
777 1883 880 1931 haec
900 1883 1052 1932 rebus
1075 1884 1379 1949 potirentur.
1412 1887 1475 1932 Et
1487 1886 1662 1932 Persas
1685 1881 1894 1948 quidem

526 1963 907 2029 immanemque
939 1964 1215 2012 Chosroem
1249 1980 1375 2012 auro
1411 1965 1672 2031 primum,
1713 1959 1898 2011 deinde

525 2041 712 2089 iterum
727 2047 1045 2109 pugnantem
1055 2040 1198 2089 ferro
1217 2049 1427 2105 quoqu'e
1443 2041 1631 2090 obruit.
1646 2040 1903 2089 Vandalos'

523 2134 667 2176 vero,
690 2117 945 2181 populum
968 2117 1329 2165 Germanicum
1346 2153 1359 2176 ‚
1377 2115 1588 2176 Libyam
1612 2116 1895 2176 exedentes,

527 2210 646 2240 cum
684 2193 819 2241 bello
859 2204 1066 2258 repente
1114 2195 1373 2254 invasisset
1391 2230 1405 2252 ,
1451 2194 1653 2241 duobus
1693 2204 1894 2242 tantum

526 2269 788 2319 mensibus
818 2271 1041 2337 vicitque
1075 2287 1186 2329 eos,
1223 2280 1274 2317 et
1307 2269 1442 2318 bello
1479 2279 1650 2335 captos
1683 2271 1898 2336 impera-

526 2349 666 2396 toriae
691 2347 809 2396 urbi
832 2347 1087 2408 exhibuit,
1105 2336 1408 2396 Gelimerem
1428 2349 1600 2413 ipsum
1625 2365 1744 2396 cum
1777 2348 1896 2397 illu-

523 2425 715 2474 stribus
739 2427 904 2491 gentis
933 2429 1092 2491 (quos
1115 2428 1348 2492 Astingos
1379 2426 1580 2476 barbari
1615 2426 1894 2492 vocabant)

526 2519 786 2568 uxoreque
799 2513 850 2550 et
859 2490 1032 2551 liberis
1047 2513 1202 2568 atque*
1216 2502 1511 2569 ingentibus
1520 2501 1710 2550 divitiis
1722 2539 1734 2562 ‚
1750 2506 1894 2569 quasi

526 2581 793 2630 vilissimos
816 2597 1075 2630 servorum
1094 2617 1107 2641 ,
1131 2583 1371 2629 Romanis
1397 2583 1450 2629 in
1477 2582 1766 2629 servitutem
1799 2592 1892 2628 tra-

528 2659 665 2706 dens.
703 2658 854 2718 Quod
891 2675 1010 2706 cum
1052 2660 1099 2706 ei
1136 2675 1351 2724 parvum
1391 2658 1672 2718 videretur,
1718 2661 1890 2716 GetaS‚

527 2752 715 2784 sacram
738 2739 973 2795 Romam,
1009 2746 1058 2784 et
1079 2753 1398 2802 quaecunque
1424 2738 1471 2784 ei
1494 2736 1713 2799 subjecta
1731 2772 1744 2794 ,
1769 2735 1889 2781 lace-

530 2825 696 2863 rantes
718 2851 731 2874 ,
771 2818 1219 2879 Romanorumque
1260 2815 1437 2879 priscis
1469 2814 1692 2877 patriciis
1733 2810 1887 2859 insul-

1619 2885 1680 2933 32
