2748 3834
618 515 982 550 mssl’unchE
1016 514 1280 547 ROMANAE
1318 514 1422 547 Lm.
1458 515 1517 546 11.
1658 498 1752 548 1¹03

393 589 659 660 praeferant
674 625 688 649 ‚
702 604 794 654 per
813 603 943 653 quos
955 586 1138 635 volunt
1150 586 1302 634 duces
1313 622 1326 645 ,
1344 586 1422 635 vel
1441 603 1532 652 per
1551 602 1683 651 quos
1696 587 1758 635 le·

394 680 532 738 gatos
544 668 759 717 Romani
777 675 958 715 vocant
972 701 986 725 ‚
1005 664 1057 712 id
1072 674 1145 712 est
1156 700 1171 723 ‚
1191 662 1444 713 inferioris
1460 663 1655 712 ordinis
1668 662 1761 712 du·

398 765 477 798 ces
498 785 512 808 ‚
537 746 684 797 obvia
701 744 832 794 bella
850 744 1220 794 administrant.
1244 742 1348 791 Soli
1367 741 1762 809 magistu-oequi-

400 838 511 876 tum
530 863 548 886 ,
577 841 683 892 quo
718 823 855 872 solus
874 838 1090 888 regnans
1109 821 1304 888 Lepido
1326 837 1450 870 usus
1471 831 1545 870 est
1559 858 1573 882 ‚
1602 830 1763 887 potes-

399 915 551 953 tatem
563 941 577 965 ,
594 919 808 968 eamque
829 902 1125 950 auctoritate
1141 910 1340 949 auctam
1360 899 1591 967 reliquit:
1608 916 1765 966 quem

399 1001 518 1033 cum
551 994 665 1050 post
691 999 811 1032 eum
848 982 1152 1030 Octavianus
1179 985 1367 1043 Caesar,
1395 982 1474 1031 uti
1514 980 1767 1036 diximus,

399 1061 691 1128 praefectum
721 1077 828 1108 non
854 1059 977 1107 aulae
999 1070 1198 1107 tantum
1223 1096 1236 1118 ‚
1272 1077 1449 1108 verum
1484 1061 1633 1108 etiam
1660 1075 1766 1107 om-

401 1140 550 1187 nium
573 1138 836 1203 copiarum
854 1173 866 1196 ,
892 1154 984 1185 nec
1004 1153 1108 1185 non
1134 1138 1295 1186 civilis
1313 1136 1467 1186 officii
1487 1173 1500 1198 ‚
1518 1138 1602 1185 cui
1621 1146 1766 1185 antea

401 1231 508 1264 non
548 1213 815 1281 praefuerat
842 1251 858 1275 ,
895 1217 1234 1263 constituisset
1251 1235 1264 1276 ;
1309 1216 1463 1282 quasi.
1494 1213 1770 1281 paululum

403 1294 670 1342 immutata
705 1310 837 1343 voce.
866 1311 899 1342 e·
931 1293 1300 1343 consuetudine
1340 1311 1450 1343 non·
1482 1292 1738 1342 observata
1754 1326 1768 1350 ‚

403 1375 582 1437 ὕπαρχος
608 1388 703 1437 pro
737 1380 935 1438 ἵππαρχος
955 1372 975 1438 (
991 1371 1252 1438 praefectus
1284 1371 1518 1438 proetorio
1546 1385 1641 1436 pro
1666 1383 1773 1417 ma·

403 1449 559 1514 gistro
577 1450 841 1515 equitum)
855 1451 1022 1498 dictus
1041 1460 1127 1498 est.
1148 1453 1216 1498 Ac
1234 1453 1401 1498 Romoe
1413 1447 1621 1514 quidem
1641 1449 1769 1509 (qua

405 1524 507 1573 sola
523 1526 577 1570 in
598 1523 725 1571 urbe
745 1526 859 1572 aula
881 1513 1127 1590 palatium
1148 1528 1314 1574 vocari
1329 1526 1454 1572 solet
1470 1524 1490 1587 )
1509 1519 1773 1589 praefectus

405 1605 605 1653 Caesaris
636 1602 929 1664 dicebatur,
969 1614 1028 1653 ut
1060 1614 1178 1670 pote
1213 1605 1414 1671 primus
1456 1600 1519 1650 a⁴b
1560 1600 1678 1660 illo;
1715 1601 1770 1647 in

407 1685 580 1732 eastris
597 1701 716 1732 vero
727 1684 822 1749 (ita
837 1685 1007 1732 autem
1019 1686 1232 1733 Romani
1246 1684 1450 1743 dicunt,
1462 1681 1602 1748 quod
1614 1681 1773 1728 Graeci

410 1763 465 1809 in
487 1761 621 1809 bello
633 1762 909 1828 παρεμβολὰς)
926 1761 1457 1828 Ρτωίεοωεριπῑοῑὶοε
1474 1760 1618 1808 ducis
1634 1758 1782 1806 enim-

407 1841 545 1907 apud
563 1851 756 1890 exteros
777 1841 1095 1890 domicilium
1117 1877 1130 1900 ‚
1155 1840 1451 1906 praetorium
1477 1838 1576 1887 illis
1599 1852 1776 1886 vocare

407 1919 600 1985 placuit
615 1955 629 1980 ,
653 1921 886 1984 quamvis
914 1918 1043 1966 forte
1073 1920 1241 1983 ipsum
1266 1921 1502 1965 Caesarem
1532 1918 1587 1964 in
1611 1933 1671 1964 eo
1694 1914 1781 1962 de-

407 2011 523 2059 gere
540 1997 817 2058 contingat.
830 1998 1043 2043 Gravem
1060 2011 1180 2042 vero
1196 1995 1352 2041 etiam
1371 2009 1570 2042 causam
1591 1991 1778 2058 reperi,

407 2085 502 2118 cur
518 2065 737 2134 praefecti
757 2080 947 2112 nomen
969 2065 1120 2112 etiam
1141 2065 1314 2111 addito
1328 2061 1685 2129 praecor-'ibrum
1707 2067 1783 2116 di-

408 2149 730 2212 stinguatur3
754 2153 814 2192 ut
836 2143 900 2191 ad
930 2134 1127 2210 aliquid
1160 2141 1406 2191 referatur
1436 2142 1754 2207 magistratus
1767 2179 1793 2202 ‚-

413 2225 828 2290 exprimaturque
853 2222 962 2286 ejus
982 2222 1283 2279 eminentia,
1309 2236 1487 2284 neque
1503 2220 1781 2267 idem-cum

413 2300 655 2369 praefecto
670 2299 821 2347 urbis
832 2315 1023 2347 nomen
1043 2298 1227 2346 habene
1245 2297 1477 2347 videatur
1492 2313 1682 2362 Tquem
1703 2313 1796 2362 par

417 2381 541 2428 riter
562 2377 852 2445 praefectum
880 2377 1192 2444 adpellatum
1221 2392 1323 2425 esse
1342 2413 1356 2437 ,
1393 2375 1783 2442 supra-ostendi-

353 2513 365 2521 N
416 2473 563 2516 mus,
587 2473 707 2505 cum
747 2466 894 2505 antea
925 2466 1110 2523 praetor
1136 2455 1363 2503 urbanus
1398 2454 1565 2502 dictus
1595 2452 1784 2502 fuisset.

420 2535 747 2601 Tranquillus
786 2536 944 2602 igitur
970 2536 1238 2602 Septimio,
1267 2535 1360 2600 qui
1397 2545 1508 2582 tum
1533 2542 1638 2580 erat
1660 2549 1785 2597 prte-

426 2610 585 2659 fectus
602 2614 1015 2676 praetorianarum
1042 2613 1330 2660 cohortium
1348 2647 1361 2670 ‚
1385 2613 1630 2658 Caesarum
1663 2610 1796 2657 vitas

429 2703 711 2751 exponens,
742 2690 1031 2754 praefectum
1056 2706 1174 2738 eum
1206 2690 1622 2755 praetorianorum
1658 2686 1788 2734 ordi-

430 2778 558 2810 1111111
575 2798 588 2821 2
606 2773 656 2810 et
678 2765 987 2831 phalangum
1013 2767 1194 2816 ducem
1224 2782 1328 2816 esse
1352 2764 1584 2813 ostendit.
1623 2765 1789 2823 Quare

486 2858 536 2907 4)
563 2857 664 2898 Cod.
691 2861 880 2900 ἀποτίνων.
