2748 3834
645 501 1023 534 ampunmcaz
1058 487 1465 537 nouAu‘uz·Lm.
1503 505 1535 537 1.
1676 492 1765 557 ‘27

381 572 526 621 ‘levia
551 575 764 622 Romani
786 573 1036 622 scutulata
1062 584 1253 623 vocant.
1273 574 1404 624 Talis
1425 578 1769 629 autem‘snbri·

401 661 546 700 eatur
581 652 773 719 clipeus
805 671 815 699 :
850 651 971 700 levis
1003 653 1142 700 enim
1174 662 1277 713 est,
1327 664 1387 702 ut
1421 664 1548 720 pote·
1572 660 1770 719 tenum

332 771 335 773 .
400 741 450 778 at
483 729 834 790 firmissimus,
870 746 963 778 nec
994 730 1154 796 plagis
1186 730 1328 780 facile
1356 733 1503 782 cedit.
1534 734 1769 801 Clipeam

402 820 572 858 autem
594 810 809 858 Romani
830 813 901 857 τὸν
933 813 1081 874 θυρεὸν
1112 820 1318 871 vocant,
1357 828 1387 859 a
1414 815 1618 874 κλίπτειν,·
1649 815 1770 880 quia

403 889 554 954 eripit
579 889 801 948 (κλέπτει)
842 886 1068 951 tegitque
1109 886 1366 937 ferentem.
1409 891 1593 938 Graecis
1629 893 1768 940 enim

398 966 698 1031 proprium,
736 964 904 1029 iisque
925 964 1044 1012 solis
1055 1002 1070 1025 ,
1104 965 1290 1031 Clipeis
1312 967 1690 1016 rotundissimis
1714 970 1767 1016 in

399 1043 534 1091 bello
560 1043 661 1100 uti,
693 1041 917 1090 barbaris
937 1060 1083 1103 vero,
1110 1046 1266 1093 scutis
1283 1043 1550 1112 oblongis·
1576 1048 1771 1113 quippe

400 1130 614 1185 urgente
633 1122 906 1169 certamine
930 1122 1070 1170 elatis
1092 1124 1247 1172 scutis
1275 1123 1434 1173 veluti
1461 1125 1771 1190 tegminibus

400 1199 479 1245 uti
501 1210 892 1260 consueverunt.

398 1294 399 1298 ¹
478 1296 495 1327 1
512 1296 552 1327 1.
590 1283 675 1328 Est
699 1290 868 1328 autem
895 1290 945 1328 et
973 1281 1112 1329 aliud
1140 1284 1270 1330 scuti
1303 1282 1548 1332 brevioris
1580 1298 1770 1348 geum,

398 1357 786 1423 (parmam-Itali
802 1359 1004 1424 vocant)
1023 1396 1036 1419 ‚
1054 1360 1194 1425 quod
1207 1397 1220 1420 ‚
1240 1361 1431 1426 pedites
1440 1375 1672 1426 pugnare
1684 1377 1770 1409 ne-

400 1437 628 1497 scientes,
643 1439 734 1502 qui
747 1438 878 1485 ultra
891 1441 1073 1486 Istrum
1090 1438 1402 1499 incolunssin
1413 1440 1559 1504 equis
1569 1447 1770 1504 gerunt,

404 1514 838 1579 quemadmodum
857 1516 1018 1585 peltas
1032 1515 1239 1582 Scythae.
1257 1516 1433 1565 Ancile
1449 1516 1513 1564 ad
1528 1516 1631 1564 haec
1643 1516 1771 1564 anti·

400 1594 520 1658 'quis
545 1592 643 1641 fuit
665 1593 685 1659 (
698 1611 867 1660 neque
883 1596 1023 1643 enim
1045 1613 1187 1644 nunc
1203 1613 1265 1644 eo
1280 1591 1532 1660 utuntuff)
1546 1632 1560 1656 ,
1572 1594 1771 1643 -scutuli

401 1686 563 1735 genus
582 1709 596 1728 ,
621 1687 650 1718 a
669 1689 776 1737 quo
798 1674 948 1720 etiam
970 1670 1177 1721 ancillas
1194 1672 1330 1731 bello
1347 1683 1516 1740 captas
1534 1671 1772 1720 mulieres
1804 1730 1808 1731 ⁷

401 1748 585 1796 dixere.
609 1751 814 1815 Quippe
834 1750 1230 1819 placentem-sibi
1248 1750 1376 1800 forte
1395 1750 1662 1799 mulierem
1677 1750 1789 1798 mi-'

401 1826 473 1874 les
484 1827 640 1875 ancili
653 1828 710 1874 in
730 1827 899 1892 proelii
910 1844 1165 1875 concursu
1181 1828 1401 1893 tegebat,
1430 1846 1496 1877 ne
1515 1828 1582 1876 ab
1598 1828 1772 1893 aliquo

402 1903 686 1964 laederetur,
713 1903 887 1951 futura
905 1914 964 1951 ut
977 1913 1096 1969 pote
1108 1903 1271 1964 illius,
1285 1907 1379 1970 qui
1389 1921 1505 1954 eam
1519 1894 1770 1956 afflasset.

399 1983 460 2026 Et
474 1994 643 2026 servos
660 1981 917 2041 mancipia
937 1982 1085 2041 quasi
1108 1997 1136 2024 e
1151 1981 1292 2025 bello
1316 1993 1533 2028 servatos
1556 1984 1668 2030 Itali
1690 1982 1775 2031 aad·

399 2055 631 2122 pellant:
649 2055 751 2123 qui
785 2063 954 2102 autem
985 2057 1092 2102 nori
1127 2053 1262 2102 hello
1296 2057 1471 2120 capti,
1510 2056 1596 2104 sed
1629 2056 1778 2105 liberi

400 2135 582 2201 quoad
595 2133 881 2193 fortunam,
903 2144 1114 2199 propter
1125 2144 1394 2198 egestatem
1412 2136 1670 2195 serviunt,
1691 2151 1778 2184 eos

402 2212 620 2261 famulos
646 2213 874 2271 dicunt;
915 2213 1162 2276 quoniam
1186 2211 1333 2258 famis
1361 2217 1381 2259 ὁ
1417 2216 1530 2274 λιμὸς
1553 2225 1775 2261 vocatur.

400 2290 601 2340 Ancilia
626 2301 794 2338 autem
814 2306 844 2336 a
866 2292 1034 2337 Graeca
1046 2328 1062 2350 ,
1098 2306 1258 2356 eaque
1289 2289 1474 2338 AEolica
1502 2305 1619 2339 voee
1643 2291 1778 2340 dicta

405 2380 528 2418 sunt
551 2371 696 2436 quasi
726 2373 828 2436 ἀμφὶ
848 2373 946 2430 λεῖα,
970 2369 1250 2435 (utrinque
1270 2369 1467 2435 laevia);
1495 2369 1615 2419 tales
1636 2373 1775 2419 enim

404 2458 525 2496 sunt
544 2465 707 2514 parvae
723 2451 1036 2495 Amazonum
1063 2447 1221 2513 peltae.

482 2545 556 2575 12.
594 2530 815 2575 Ornatus
833 2537 1001 2574 autem
1030 2537 1140 2574 tum
1173 2527 1330 2574 totius
1357 2526 1574 2575 Romani
1593 2527 1774 2573 exerci·
1799 2569 1803 2572 .

398 2615 488 2665 ,tus
511 2606 645 2654 idem
671 2625 681 2654 :
705 2606 844 2672 galea
866 2605 1024 2665 aerea‚'
1040 2617 1089 2654 et
1111 2606 1272 2654 lorica'
1287 2605 1495 2653 annulis
1525 2615 1773 2661 conserta,

406 2691 457 2728 et
480 2682 675 2745 gladius
703 2684 833 2733 latus
849 2722 862 2746 ‚
897 2695 1099 2744 curtus,
1127 2687 1181 2732 in
1205 2685 1410 2732 sinistro
1432 2682 1622 2731 femore
1650 2698 1771 2747 pen-

462 2782 512 2832 3)
540 2787 628 2836 ἀμφὶ
645 2788 732 2825 λεῖα.
747 2787 848 2826 Cod.
870 2791 1026 2840 ἀμφίλια.
1052 2790 1175 2828 Forte
1193 2787 1452 2827 scribendum
1474 2788 1650 2838 ἁμφὶλεια,
1671 2780 1770 2822 Cod-

407 2853 446 2887 et
462 2861 499 2898 1,
523 2849 597 2898 54,
615 2851 690 2888 λίαν
705 2865 780 2903 pro
798 2854 913 2902 λείαν,
942 2858 982 2891 et
999 2866 1073 2902 111,
1094 2854 1144 2892 62
1160 2882 1171 2902 ‚
1200 2855 1261 2890 λίω
1284 2864 1358 2904 pro
1378 2853 1468 2901 λείῳ.
1533 2884 1544 2889 -

1532 2914 1563 2970 4
1588 2919 1609 2943 2
