2748 3834
499 530 501 533 ·
705 510 1096 551 -nmru'nmcsn
1127 515 1400 550 nonnus
1432 517 1535 550 mn.
1570 517 1663 551 ιιι.
1772 518 1859 567 ¹9¹

493 577 796 629 obtinuisset
809 616 823 641 ,
854 578 1033 628 Rufini
1062 578 1332 640 tyrannide
1366 587 1634 628 mutatum·
1656 579 1744 631 ebt.
1778 582 1869 632 Le·

493 683 605 733 gem
645 669 784 717 enim
823 667 943 732 tulit
974 669 1249 734 imperator
1285 666 1524 716 Arcadius
1553 703 1568 728 ‚
1613 670 1867 735 magistra*-

494 754 577 794 tus
593 747 875 811 potentiam
900 755 1134 794 metuens
1148 781 1163 804 ,
1189 754 1250 793 ut
1265 745 1503 811 princeps
1516 743 1864 811 adparitorum

444 812 448 814 ’
494 824 746 889 magistri,
773 824 988 872 maxima
1019 822 1211 887 judicia
1235 821 1439 883 obiens,
1472 822 1742 889 diligenter
1769 843 1864 875 cu-

494 902 727 968 rioseque
740 901 845 950 vim
861 902 916 948 in
933 901 994 948 iis
1008 900 1319 967 agendorum
1336 901 1633 971 inquireret,
1645 912 1697 951 et
1707 919 1864 970 quare

496 991 675 1027 cursus
695 977 1013 1044 synthemata
1036 976 1245 1038 fierent,
1270 984 1603 1067 cognomen
1628 983 1862 1031 Ceterum

494 1054 735 1136 Rufinus,
751 1066 1021 1122 postquam
1041 1071 1130 1104 sua
1150 1066 1330 1121 sponte
1346 1057 1401 1104 in
1420 1057 1679 1107 Orientem
1698 1062 1862 1122 venit,

495 1116 732 1182 ‘comitem
755 1134 1012 1193 Orientis,
1048 1143 1107 1181 ut
1124 1143 1328 1194 vocant,
1370 1131 1676 1200 flagellatum
1708 1139 1861 1187 inter-

492 1212 649 1260 emit·
637 1249 652 1273 ,
689 1210 830 1277 quod
871 1169 1037 1259 verbis
1075 1209 1301 1258 aemulari
1331 1210 1677 1276 praefecturam
1709 1231 1863 1266 ausus

494 1299 633 1338 esset.
654 1292 714 1336 Et
730 1287 928 1336 Arcadii
948 1286 1155 1354 quidem
1175 1323 1188 1346 ,
1215 1296 1275 1336 ut
1292 1286 1420 1348 dixi,
1448 1292 1744 1342 constitutio
1758 1330 1773 1354 ,
1805 1295 1861 1341 in

492 1379 658 1420 vetere
669 1368 841 1417 codice
851 1368 1196 1416 Theodosiano
1204 1367 1438 1430 exstabat3
1446 1371 1862 1421 recentiorisvero

495 1448 781 1498 conditores
800 1464 934 1509 eam,
953 1458 1014 1497 ut
1036 1463 1397 1514 supervacuam
1423 1449 1546 1541 ipsis
1566 1450 1746 1513 visam,
1775 1468 1861 1502 neo

495 1525 773 1593 glexerunt.

565 1607 646 1662 24.
681 1607 811 1652 Cum
829 1604 987 1669 igitur
999 1605 1236 1670 princeps
1249 1605 1691 1670 magistrianorum
1707 1609 1859 1656 maxs-
1912 1671 1914 1673 Ι

496 1685 594 1731 mis
605 1682 727 1731 olim
744 1683 951 1748 judiciis
961 1684 1176 1744 adesset,
1194 1697 1362 1749 neque
1377 1684 1661 1751 quidquam
1682 1697 1861 1752 praeter

495 1777 685 1809 nomen
694 1761 900 1810 haberet
909 1797 924 1820 ,
952 1778 1070 1810 cum
1081 1754 1239 1811 officii
1251 1771 1364 1810 tum
1381 1764 1622 1829 temporis
1634 1766 1861 1813 cornicu-

494 1836 619 1887 lario
628 1840 744 1904 egit,
755 1849 814 1887 ut
825 1838 1288 1906 aditumquendam
1304 1841 1400 1905 ipsi
1410 1840 1474 1888 ad
1485 1840 1676 1907 agenda
1690 1858 1862 1890 conce-

495 1915 665 1977 deret3
682 1933 905 1982 cumque
920 1917 989 1964 ita
1004 1916 1272 1982 placuisset
1285 1952 1300 1977 ,
1318 1919 1583 1966 constituit
1599 1920 1863 1986 princeps,

497 2003 557 2040 ut
580 1995 739 2040 unam
767 1995 886 2040 auri
901 1993 1083 2040 libram
1109 1994 1328 2058 singulis
1348 1992 1618 2058 mensibus*
1632 2000 1862 2059 cornicu-

494 2070 622 2120 lario
633 2069 805 2131 fen-et,
827 2081 981 2136 atque
1000 2072 1211 2136 insuper
1225 2071 1386 2119 cuivis
1404 2070 1752 2137 adparitorum
1766 2109 1780 2134 ,
1803 2075 1865 2123 ei

497 2149 867 2198 consuetudine
885 2158 1079 2214 partem
1090 2147 1318 2213 aliquam
1333 2147 1592 2196 redituum
1608 2152 1863 2212 sortienti,

498 2225 644 2274 solita
665 2227 914 2274 continuo
929 2226 1082 2274 daret.
1100 2227 1188 2274 His
1206 2228 1275 2273 ita
1296 2227 1431 2274 inter
1448 2243 1532 2275 eos
1549 2230 1838 2278 constitutis
1850 2265 1869 2291 ,

498 2305 591 2369 qui
613 2312 724 2351 tum
748 2313 854 2351 erat
875 2303 1279 2364 cornicularius,
1326 2300 1594 2352 duodecim
1620 2305 1729 2354 illas
1752 2308 1866 2355 auri

498 2381 652 2429 libras
670 2382 781 2429 sine
807 2381 913 2429 ulla
934 2380 1238 2430 deductione
1270 2398 1299 2429 a
1323 2382 1556 2448 principe
1588 2385 1868 2449 accipiens,

500 2463 704 2507 summo
722 2475 841 2506 cum
864 2458 1059 2508 honore
1081 2458 1769 2508 unimembrium‘actionum
1793 2477 1869 2509 re·-

501 2536 668 2585 ditum
683 2538 871 2603 potiori
884 2537 1205 2598 concedebat,
1216 2537 1315 2586 sib-i
1328 2573 1341 2597 ‚
1354 2538 1534 2603 prae‘ter
1541 2556 1653 2606 quae
1669 2556 1695 2588 a
1709 2540 1867 2607 gradu

557 2677 605 2727 7)
631 2677 790 2718 Dubito
817 2691 872 2719 an
903 2668 1014 2720 recte
1052 2680 1250 2721 verterim
1289 2680 1604 2722 unimembrium
1645 2682 1870 2722 actionum.

504 2739 625 2780 Conf-
649 2754 721 2791 111,
751 2741 832 2793 25,
865 2751 1065 2799 μονομεροῦ
1116 2748 1296 2794 ἐντεύξεως
1309 2774 1327 2798 ,,
1357 2750 1399 2785 et
1419 2759 1497 2797 111,
1536 2745 1613 2797 66,
1655 2752 1874 2800 μονομεροῦς

509 2822 686 2859 ιντυχιας.

560 2869 608 2921 8)
634 2868 734 2910 Cod.
765 2873 930 2924 εἰσάγων.
