2748 3834
910 511 1044 560 xxiv
1335 517 1836 554 coMManrAmus

912 628 977 672 τὴν
1007 622 1124 665 αὐτοῦ
1157 619 1359 677 λεγομένην
1391 613 1679 672 Τετράὸιὸλον,
1725 607 1905 671 καὶπερὶ
1934 615 2047 673 ἕτεροί
2074 627 2157 656 τινα
2185 618 2261 656 τῶν

910 710 1140 757 Χαλδαϊκῶν
1163 704 1513 766 παρασημειώσεων
1529 735 1541 759 ,
1577 701 1735 761 προσέτι
1759 699 1801 744 δὲ
1826 700 1890 744 καὶ
1914 703 1981 749 τὴν
2011 705 2081 744 τοῦ
2103 689 2261 762 Ᾱροέτου
2329 730 2331 734 -

908 799 991 860 περὶ
1011 804 1084 844 τῶν
1107 796 1352 855 Φαινομένων
1373 792 1654 854 διαγόρευσινῂ··
1677 778 1847 837 Ῐωοὲννου
1876 795 1945 837 τοῦ
1965 790 2105 837 Λυδοῦ
2130 793 2264 842 καθη-

906 894 1057 950 μερινήν
1075 904 1114 931 τε
1131 886 1193 929 καὶ
1214 884 1388 944 μηνιαίαν
1408 877 1767 942 παράτήρησινιΤά
1789 879 1830 924 δὲ
1856 887 1923 930 τῆς
1949 869 2263 940 γενέθλιαὶψγίας
2306 900 2308 902 ’

831 1024 839 1030 ,
911 977 1070 1024 ὅσου-ἐν
1105 979 1183 1025 τοῖς
1212 974 1419 1035 εἰρημένοις
1453 970 1754 1032 παρέσπαρται,
1794 971 1846 1020 ὡς
1877 970 2080 1021 ἀπόὸλητα
2103 977 2170 1019 τῆς
2192 971 2261 1013 τοῦ

752 2417 805 2442 xl.

679 2475 891 2504 Latina-versio

739 2523 828 2551 checi

699 2571 864 2600 emendata.

687 2621 874 2649 Constantini

671 2668 899 2706 Porphyrogen-

746 2723 823 2745 netae

679 2767 887 2796 testimonium

713 2814 749 2842 de
763 2815 853 2850 Lydo.

905 1068 1019 1112 Θεοῦ
1048 1063 1245 1113 ἐκκλησίας
1261 1063 1287 1107 ἡ
1305 1060 1471 1120 ἡμετέρα
1488 1060 1745 1121 ἀποτρέπεται
1762 1058 1952 1116 βασιλεία.
1977 1055 2075 1103 Cui
2098 1053 2264 1103 textui

908 1151 1084 1213 adjecit
1113 1145 1255 1195 Lami
1278 1145 1539 1208 antiquam
1571 1144 1712 1194 illam
1735 1145 1835 1209 jam
1871 1163 1900 1194 a
1921 1143 2138 1193 Nicolao
2168 1143 2264 1191 Ri-

907 1239 1057 1304 galtio
1079 1234 1408 1298 Antonioque
1435 1235 1718 1284 Possevino
1753 1235 1978 1297 (Harles.
2002 1233 2134 1282 Bibl.
2169 1233 2261 1280 Gr.

909 1329 1031 1378 Vol.
1058 1327 1191 1388 VII,
1225 1342 1334 1390 pag.
1362 1323 1492 1390 702)
1520 1326 1859 1391 vituperatam
1892 1327 2049 1375 Checi
2072 1325 2262 1374 versio-

908 1437 1053 1480 nem,
1090 1414 1338 1481 ejusmodi-
1375 1433 1385 1460 ι
1421 1418 1490 1463 In
1515 1426 1763 1465 astrorum
1798 1408 2018 1475 ratione)
2054 1414 2262 1480 supple,

909 1509 1098 1556 consuli
1116 1506 1288 1552 debent
1300 1540 1319 1562 ,
1350 1512 1435 1551 aut
1453 1503 1552 1551 tale
1568 1504 1787 1568 aliquid)
1818 1508 1905 1568 qui
1921 1506 2140 1552 coelestia
2161 1518 2269 1548 cor-

904 1615 1031 1662 pora
1049 1591 1256 1642 scrutati
1273 1600 1415 1652 sunt,
1441 1596 1625 1658 quique
1647 1596 1700 1640 in
1719 1572 1967 1641 astroruru
1986 1600 2097 1639 ortu
2117 1599 2266 1653 atque

909 1686 1072 1742 obitu,
1108 1683 1509 1732 conversionibus
1539 1684 1866 1745 planetarum
1895 1699 2097 1745 operam
2123 1697 2267 1728 suam

906 1774 1178 1829 collocant,
1205 1774 1293 1833 qui
1312 1773 1642 1819 Ptolemoeum
1663 1773 1929 1834 diligenter
1944 1776 2265 1834 cognoscunt,

907 1873 950 1910 et
978 1863 1284 1909 Chaldaicas
1305 1862 1554 1923 quasdam
1573 1861 1967 1917 observatione-9,
1995 1859 2151 1910 Arati
2173 1863 2269 1904 Φαι-

905 1958 1066 2013 νόμενα,
1088 1952 1303 1998 Joannis
1326 1951 1468 2014 Lydi
1502 1951 1739 1997 diurnam
1761 1957 2160 2010 menstruamque
2188 1946 2268 2000 ob·

909 2041 1432 2089 servationem'tenent-
1470 2039 1900 2101 Genethlialogias
1924 2045 2118 2093 autem,
2159 2050 2271 2097 quoe

913 2133 976 2178 iis
997 2132 1048 2176 in
1073 2129 1214 2177 libris
1229 2145 1426 2193 ·sparsae
1447 2137 1564 2175 sunt
1575 2164 1593 2187 ,
1625 2136 1672 2174 et
1695 2127 1759 2174 ab
1776 2126 2012 2174 Ecclesia
2029 2125 2134 2172 Dei
2155 2123 2270 2185 reji-

913 2224 1140 2281 ciuntur,
1170 2237 1260 2269 nos
1291 2229 1457 2268 nostro
1485 2235 1681 2284 quoque
1710 2234 1860 2282 regno
1890 2216 2200 2281 expellimus.

982 2401 1078 2449 XI.
1111 2402 1241 2462 Quae
1263 2408 1383 2451 sunt
1401 2439 1415 2464 ‚
1439 2407 1498 2450 ut
1517 2399 1776 2450 levissime
1794 2398 1958 2448 dicam
1976 2431 1989 2458 ‚
2012 2394 2141 2443 mire
2164 2407 2272 2442 ver-

917 2506 968 2537 sa
986 2507 998 2536 -:
1024 2489 1314 2540 debuissent
1333 2491 1405 2539 sic
1424 2508 1435 2538 ι
1462 2493 1530 2538 In
1553 2500 1805 2553 astrorum
1826 2489 2050 2544 ratione,
2070 2484 2159 2548 q-ui
2181 2498 2272 2530 οω-

918 2581 1116 2628 lestibus
1136 2582 1281 2629 rebus
1301 2595 1503 2646 operam
1527 2583 1654 2629 dant
1667 2618 1693 2650 ,Ι
1719 2581 2043 2641 doctrinaque
2059 2583 2106 2621 et
2118 2576 2269 2621 scien-

917 2671 990 2716 tia
1009 2672 1188 2718 siderei
1206 2674 1423 2734 computi
1429 2678 1681 2734 praestant
1694 2705 1709 2726 ,
1735 2676 1781 2714 et
1804 2669 1857 2714 in
1875 2665 2128 2728 Expedito
2146 2662 2270 2710 Pto-

918 2761 1078 2808 lemoei
1121 2763 1317 2810 Canone
1329 2798 1351 2822 ,
1384 2764 1452 2808 'in
1495 2760 1878 2823 Quadripartito
1923 2758 2059 2821 quod
2093 2761 2274 2804 vocant

919 2851 1027 2912 ejus
1042 2886 1061 2910 ,
1094 2853 1146 2900 in
1179 2853 1326 2899 certis
1362 2851 1482 2899 aliis
1517 2849 1875 2899 Chaldaeorum
1898 2842 2271 2899 notationibuS,

2206 2932 2279 2981 ad
