2748 3834
795 477 875 511 nn
907 477 1152 512 loannis
1186 476 1368 510 LYno.
1614 459 1766 522 lxxiii

397 586 407 605 ¹
475 572 745 622 XXXIV.
761 571 995 622 Alterum
1013 589 1171 637 genus
1194 588 1426 621 errorum
1442 588 1549 622 non
1571 578 1676 621 tam
1696 577 1770 619 est

416 677 484 709 ex
540 661 968 726 pronunciatione
1007 669 1057 710 et
1095 660 1444 727 incogitantia,
1497 676 1653 724 quam
1702 676 1769 708 ex

415 750 615 800 inscitia
646 751 822 800 scribae
851 757 1062 800 natum:
1090 767 1205 814 quae
1241 756 1429 813 quanta
1464 746 1619 797 fuerit
1651 749 1772 798 inde

412 847 578 905 potest
607 839 867 907 cognosci,
901 837 1040 903 quod
1078 838 1331 903 genitivos
1367 826 1620 903 ¹plurimos
1654 857 1774 889 cum

416 928 725 978 accusativis·
745 925 1005 991 confudit,
1048 927 1361 976 accusativos
1390 944 1509 977 cum
1541 928 1772 978 nomina·

416 1018 568 1079 tivis‚
616 1015 857 1081 quodque
882 1017 1093 1066 omnino
1114 1018 1172 1066 in
1197 1016 1437 1066 clausulis
1475 1017 1774 1082 casibusque

418 1122 617 1156 vocum>
632 1121 840 1170 prorsus
857 1105 998 1169 jacet.
1032 1106 1356 1155 Nec·minus
1391 1107 1447 1155 in
1483 1106 1775 1172 reduplica-

419 1195 647 1261 tionibus
688 1193 1030 1259 perfectorum
1058 1232 1072 1258 ,
1095 1195 1168 1244 in
1193 1195 1488 1244 nominibus
1530 1197 1775 1260 propriis,

419 1286 476 1334 in
506 1284 773 1341 vocabulis
808 1285 1045 1349 reliquis,
1092 1285 1147 1334 in
1188 1285 1442 1350 apicibus,
1488 1285 1543 1333 in
1579 1286 1774 1351 spiriti-

421 1376 517 1426 bus
551 1393 561 1423 :
595 1374 735 1440 quod
755 1392 908 1424 voces
930 1375 1101 1426 omisit
1120 1375 1380 1442 lineasque
1397 1377 1615 1442 integras
1639 1395 1649 1425 :
1672 1378 1774 1428 vid.

420 1466 587 1515 varias
609 1467 848 1515 lectiones
879 1468 1045 1516 textui
1079 1465 1194 1516 edit.
1218 1468 1462 1532 subjectas
1480 1486 1491 1517 ε
1509 1475 1567 1516 ut
1588 1470 1777 1534 perspi-

422 1571 575 1603 cuum
601 1555 692 1617 sit,
722 1572 889 1619 neque
919 1556 1116 1621 regulas
1137 1559 1472 1621 grammaticae
1489 1558 1663 1623 .probe
1696 1567 1779 1608 te-

412 1629 593 1692 nuisse
616 1660 732 1691 eum
747 1680 761 1706 ,
797 1661 964 1708 neque
986 1645 1111 1710 quid
1131 1655 1381 1711 exararet,
1415 1665 1613 1715 semper
1636 1646 1778 1696 intel·

421 1732 621 1781 lexisse.
647 1733 872 1782 Tametsi
895 1732 1148 1798 codicem,
1195 1728 1330 1785 unde
1366 1755 1519 1787 suum
1541 1737 1778 1800 duxerit,

422 1838 615 1887 magnae
634 1823 899 1871 vetustatis
919 1823 1150 1886 suspicor
1167 1815 1349 1887 fuisse,
1382 1825 1554 1876 saeculi
1572 1822 1780 1876 fortasse

423 1910 560 1972 VII,
578 1909 838 1971 literisque
852 1907 966 1956 ideo
977 1910 1282 1973 majusculis.
1293 1912 1431 1962 Nam
1442 1916 1626 1978 primo,
1643 1935 1663 1962 ν
1677 1918 1782 1981 ἐφελ-

421 2002 583 2052 κυςικόν
611 1998 786 2058 multis
815 1997 1032 2046 vocibus
1061 1996 1356 2059 adhibetur,
1379 2002 1530 2050 etiam
1551 2005 1783 2066 sequenti

423 2095 748 2140 consonante.
791 2086 919 2137 Non
950 2106 1032 2138 me
1069 2082 1318 2154 praeterit,
1375 2092 1601 2142 inveniri
1637 2093 1690 2141 id
1727 2093 1784 2142 in

423 2178 581 2227 codd.
593 2179 758 2228 omnis
774 2178 930 2227 aetatis
949 2179 1076 2227 bene
1088 2179 1278 2228 multis.
1295 2180 1602 2246 Calligraphi
1617 2165 1784 2232 tamen

425 2266 597 2317 saeeuli
615 2267 798 2316 decimi
815 2268 868 2315 in
889 2267 987 2316 hac
1007 2266 1214 2332 quidem
1242 2286 1297 2318 re
1316 2265 1663 2335 grammatices
1691 2272 1783 2321 ho-

426 2355 614 2422 diernae
633 2356 764 2424 leges
786 2356 887 2419 jam
919 2354 1194 2430 studiosius
1227 2367 1348 2426 sunt
1370 2361 1530 2410 secuti
1564 2379 1574 2409 z
1613 2369 1787 2411 noster

423 2446 687 2511 antiquam
707 2464 913 2511 prorsus
929 2447 1092 2495 tenuit
1105 2447 1358 2497 scribendi
1373 2450 1527 2514 viam,
1544 2468 1645 2515 qua
1657 2450 1787 2500 illud

424 2555 447 2583 ν
464 2537 637 2586 verbis
655 2537 804 2585 etiarn
823 2553 928 2585 non
953 2535 1214 2586 hiantibus
1231 2538 1576 2606 interponitur
1595 2557 1664 2589 ex
1685 2559 1786 2590 cer-

426 2625 491 2675 tis
501 2627 832 2691 oratoriisque
849 2627 1109 2691 praeceptis
1123 2663 1136 2689 ,
1151 2627 1211 2676 ad
1225 2629 1639 2694 amplificandum
1661 2649 1789 2680 com-

430 2714 775 2780 plendumque
797 2716 941 2765 vocis
978 2732 1177 2765 sonum.
1218 2716 1279 2765 Id
1310 2720 1496 2790 opinor
1526 2738 1642 2770 eum
1680 2737 1786 2768 non

431 2811 648 2868 temere,
700 2805 787 2855 sed
824 2805 886 2855 ad
925 2807 1218 2875 exemplum
1256 2811 1336 2859 sui
1371 2809 1556 2858 codicis
1596 2809 1782 2858 fecisse.

1556 2898 1586 2943 k

1825 577 1977 604 xxxlv.

1792 632 1972 666 pecodem,
1990 636 2021 661 et

1839 690 1875 709 ex
1886 680 1968 718 quali

1791 729 1905 759 Codice
1918 730 2012 759 ductu

1880 778 1928 808 sit.
