2748 3834
578 523 955 558 nmrtmmmr.
992 522 1261 556 nonnum
1294 523 1399 556 mn.
1436 522 1495 555 11.
1639 506 1732 566 7145

367 600 624 651 stituendo
653 598 849 664 judicio
890 607 941 645 et
975 605 1141 645 totum
1177 594 1409 644 officium
1454 598 1698 648 concessit
1718 635 1733 658 ,

366 682 512 747 quasi
522 678 792 728 scintillam
816 675 1073 744 quandam
1092 676 1282 747 Liparae
1300 675 1553 724 eratenim
1569 684 1735 743 epm}-

366 759 558 810 fectura
591 758 812 825 praetorii
845 754 1153 814 accendens,
1197 753 1358 802 multa
1389 754 1545 803 simul
1565 756 1734 823 reipm·

367 839 509 888 blicae
528 838 795 887 utilissima
819 835 1103 891 meditatus.
1128 835 1332 901 Quippe
1358 844 1468 882 tum
1493 834 1737 902 amplissio

369 935 505 966 mam
541 915 919 980 secundamque
956 923 1252 980 potestatem
1304 914 1410 980 ipse
1434 949 1449 975 ,
1497 914 1736 982 solusque

369 1015 476 1046 non
509 1011 691 1063 parum
728 993 1007 1042 sublevavit
1033 991 1326 1054 laboribus,
1350 1008 1546 1042 „rerum
1577 994 1736 1042 admi·

367 1074 719 1123 nisti-ationem
746 1073 802 1119 in
831 1071 1020 1120 multos
1055 1072 1373 1138 magistratus
1400 1071 1734 1139 dispertiens;

369 1163 481 1202 tum
506 1154 657 1201 etiam
684 1150 906 1200 faciliora
930 1153 991 1200 iis
1021 1168 1232 1200 munera
1257 1150 1508 1213 reddidit,
1541 1143 1737 1201 litium-

367 1250 469 1299 que
501 1232 790 1282 amantibus
824 1231 1048 1280 furorem
1080 1221 1152 1280 est
1184 1231 1485 1284 moderatus.
1518 1233 1733 1280 Parvum

365 1322 534 1360 autem
550 1322 759 1378 putans,
786 1312 885 1359 nisi
901 1321 950 1359 et
963 1309 1309 1378 praefecturam
1329 1309 1472 1358 urbis
1493 1309 1734 1360 molestiis

368 1389 506 1439 haud
544 1391 742 1440 levibus
781 1390 1014 1439 liberaret
1030 1428 1043 1451 ‚
1096 1391 1150 1438 in
1191 1389 1288 1449 hoc
1317 1405 1525 1456 quoque
1559 1389 1738 1449 Titum.

368 1470 620 1529 imitatus,
648 1480 911 1535 praetorem
933 1469 1190 1517 urbanum
1214 1467 1587 1534 magistratibus
1603 1467 1736 1532 adje-

367 1548 463 1606 cit,
497 1546 728 1596 sufflcere
760 1547 991 1613 praefecto
1012 1546 1131 1596 urbi
1162 1547 1335 1595 omnia
1357 1547 1739 1595 concutientem·

365 1625 546 1692 populi
569 1626 871 1674 discordiam
894 1636 1166 1692 reputans3
1206 1642 1298 1673 nec
1329 1642 1436 1673 non
1462 1610 1576 1691 ‚1⁴›ost
1601 1624 1734 1684 illos,

368 1705 487 1769 (seu
508 1705 707 1770 potius,
745 1706 787 1752 si
811 1705 1168 1771 antiquitatem
1198 1713 1388 1770 spectes
1407 1739 1420 1763 ‚
1459 1713 1577 1750 ante
1597 1702 1733 1762 illos,

366 1792 426 1830 ut
440 1798 592 1848 supra
606 1783 875 1831 retulimus
886 1819 899 1842 ‚
911 1783 930 1847 )
943 1784 1260 1849 quaesit'orem
1283 1799 1438 1848 quem
1454 1791 1636 1829 vocant
1650 1818 1663 1842 ‚
1681 1780 1736 1829 id

366 1871 438 1909 est
447 1898 459 1921 ,
469 1878 640 1910 rerum
652 1861 944 1932 capitalium
955 1862 1358 1929 investigatorem
1367 1861 1733 1931 gravissimum.

297 2048 299 2050 .
366 2025 428 2055 m:
461 2021 815 2063 cousrm1.mo
850 2024 908 2053 m·
933 2021 1249 2055 JusnmAno‘
1278 2010 1550 2074 Pium-ons„
1582 2025 1736 2066 πρωϊ,

792 2101 1036 2133 ΜΑοῐεΤιιο
1070 2082 1310 2134 οΕΝεὶῑυΜζ
1498 2086 1503 2089 ⁴
1606 2100 1611 2106 ·

435 2248 514 2296 30.
549 2245 993 2307 Quemadmodum
1029 2246 1290 2311 originalis
1315 2248 1502 2312 species
1531 2264 1707 2297 monas

303 2338 306 2341 ’
366 2325 656 2393 exemplum
680 2335 851 2372 autem
872 2324 1104 2372 monadis
1123 2333 1290 2372 unum
1307 2361 1320 2384 ‚
1345 2326 1415 2371 sic
1434 2324 1551 2372 felix
1569 2336 1737 2376 nostra

368 2407 540 2455 civitas
553 2408 746 2465 Romae,
786 2414 898 2451 tum
924 2420 1077 2469 super
1100 2421 1253 2452 omne
1278 2403 1483 2452 culmen
1507 2406 1735 2454 eminen—

367 2486 432 2534 tis
444 2521 457 2544 ‚
475 2484 624 2532 initio
635 2482 929 2550 putabatur.
946 2483 1093 2531 Unde
1106 2484 1472 2532 Constantinus
1486 2493 1604 2532 ante
1624 2485 1734 2549 ejus

326 2597 331 2603 -
367 2562 821 2625 consecrationem,
844 2562 940 2622 (ita
967 2572 1139 2610 autem
1177 2560 1477 2628 apotheosin
1518 2564 1734 2610 Romani

368 2639 584 2698 dicunt)
618 2639 806 2688 nullibi
830 2656 940 2688 eam
964 2643 1175 2688 Romam
1200 2656 1382 2688 novam
1397 2677 1409 2700 ,
1441 2639 1526 2687 sed
1547 2651 1702 2688 castra
1720 2678 1733 2700 ,

371 2717 559 2783 pariter
596 2721 772 2766 ceteris
807 2717 957 2778 locis,
1003 2720 1163 2784 ipsam
1197 2735 1404 2785 quoque
1435 2718 1731 2785 adpellavit:

374 2795 522 2858 cujus
564 2796 638 2842 rei
683 2806 979 2860 argumenta
1029 2799 1270 2862 repererit
1295 2835 1308 2857 ‚
1364 2799 1455 2862 qui
1498 2807 1733 2845 tractatus

374 2873 693 2920 Constantini
734 2872 908 2937 legerit
934 2911 947 2933 ‚
995 2891 1123 2938 quos
1160 2877 1265 2939 ipse
1302 2875 1468 2938 patrio
1505 2885 1734 2921 sermone

1474 2968 1533 3010 19
