2748 3834
584 512 586 515 -
647 499 1024 532 nnrpunmcut
1058 499 1332 534 nomint
1364 500 1465 533 ιη.
1501 500 1534 532 1.
1713 486 1776 534 25

375 598 387 616 t
413 570 525 617 illos
543 586 570 618 a
590 570 824 621 flammeo
849 573 1015 623 colore
1035 573 1215 621 dicunt
1237 592 1246 620 :
1269 572 1331 621 de
1348 571 1540 637 quibus
1554 573 1609 620 in
1625 587 1780 638 opere

414 658 586 697 nostro
605 650 667 697 (le
695 650 955 698 mensibus
978 660 1051 698 sat
1079 650 1238 697 multa
1263 651 1485 716 exposita
1501 659 1638 698 sunt.
1666 653 1779 699 uaee

414 725 551 775 illius
571 730 811 794 temporis
828 745 1005 793 regum
1027 729 1256 793 insignia.

482 823 529 872 9.
565 810 637 855 De
650 817 838 856 armata
853 817 1023 855 autem
1040 806 1217 855 militia
1230 810 1487 865 Paternus,
1504 809 1777 867 Romanus,

415 885 469 932 in
490 884 621 933 libro
641 886 809 951 primo
829 886 1122 933 tacticorum
1136 922 1149 944 ,
1179 887 1299 951 ipsis
1312 885 1477 934 verbis
1493 884 1777 933 secundum

414 964 695 1014 versionem
712 999 726 1021 ,
763 962 864 1010 haec
888 964 958 1010 ait
983 984 993 1009 ι
1020 983 1042 1006 «
1061 962 1307 1011 Romulus
1326 973 1493 1012 autem
1521 964 1777 1022 curiones,

414 1042 506 1105 qui
529 1042 680 1087 sacris
698 1051 986 1107 praeessent‚
1016 1042 1301 1100 constituit,
1333 1040 1635 1106 eosdemque
1663 1057 1780 1087 cens

414 1118 642 1165 turiones
675 1118 984 1183 pedestrium
1029 1118 1269 1166 ordinum
1314 1119 1609 1167 nominavit.
1646 1121 1775 1166 Cum

414 1195 550 1243 enim
570 1196 663 1243 tria
677 1196 834 1244 millia
851 1208 1011 1244 essent
1030 1197 1258 1263 peditum
1276 1206 1605 1254 scutatorum,
1618 1195 1779 1243 cuivis

415 1262 655 1321 centuriae
673 1274 851 1322 ducem
868 1275 1085 1341 praefecit
1103 1280 1277 1342 (quem
1296 1276 1453 1323 Graeci
1482 1278 1779 1339 ὁιατόνταρχον,

413 1354 629 1400 Romani
662 1356 1011 1402 centurionem
1049 1363 1229 1401 vocant
1251 1357 1269 1414 )
1314 1372 1325 1400 ε
1363 1363 1421 1401 ut
1456 1354 1780 1401 centuriones

415 1446 592 1479 omnes
621 1443 784 1480 essent
809 1434 1043 1498 triginta,
1073 1432 1385 1497 totidemque
1412 1428 1695 1496 manipuli,
1726 1426 1780 1475 id

416 1519 510 1567 est,
539 1510 779 1574 signiferi.
806 1512 882 1559 Ab
905 1513 1125 1559 exercitu
1145 1521 1313 1558 autem
1343 1518 1590 1558 trecentos
1618 1515 1778 1554 scuta-

415 1594 492 1633 tos
522 1585 542 1649 (
573 1588 643 1634 sic
666 1590 879 1637 Romani
909 1592 1148 1644 ἀσπιδιώτας
1179 1587 1395 1652 vocant)
1425 1586 1502 1635 ad·
1519 1584 1778 1651 propriam

416 1663 693 1713 custodiam
712 1667 933 1715 secrevit.
950 1666 1113 1731 (Quid
1134 1666 1395 1732 clipeatus,
1414 1662 1542 1730 quid
1557 1670 1781 1710 scutatus

418 1741 584 1802 miles,
600 1743 754 1808 paulo
772 1755 886 1810 post
904 1745 1138 1810 dicetur.)
1155 1744 1347 1808 Adjecit
1368 1760 1487 1793 vero
1507 1741 1667 1806 copiis
1686 1749 1782 1786 tre-

417 1830 590 1868 centos
600 1838 807 1886 quoque
820 1823 1031 1885 equites,
1043 1816 1421 1886 queisCelerem
1431 1817 1686 1885 quendam
1699 1831 1785 1877 uoq

417 1899 558 1945 mine
573 1898 817 1963 praefecit:
838 1899 978 1946 unde
996 1897 1359 1958 synecdochice
1375 1898 1645 1944 universus
1656 1884 1787 1942 exer-⁴

414 1975 549 2021 citus
557 1984 677 2019 .tum
689 1975 921 2024 Celerum
935 1990 1127 2019 nomen
1146 1977 1312 2019 traxit.
1333 1974 1517 2020 Tribus
1534 1990 1652 2020 vero
1661 1974 1785 2021 Cen-

417 2049 567 2096 turiis
583 2058 897 2096 constantem
914 2044 1200 2113 equestrem
1221 2063 1434 2094 manum
1450 2047 1615 2094 tribus
1629 2047 1787 2114 nomi-

417 2126 572 2176 nibus
587 2126 818 2174 distinxit
829 2126 1402 2186 ‚Ramnium,'l'itiorum
1421 2134 1471 2172 et
1485 2127 1788 2172 Lucerum.»

417 2207 652 2265 Quorum
688 2205 960 2259 nominum
993 2218 1162 2249 causas
1185 2204 1239 2248 in
1267 2203 1354 2260 iis,
1387 2219 1522 2265 quae,
1553 2205 1631 2250 uti
1661 2203 1786 2249 dixi·

420 2299 561 2340 mus,
607 2282 670 2330 de
710 2280 970 2330 mensibus
1004 2297 1033 2327 a
1064 2279 1213 2331 nobis
1231 2279 1416 2343 scripta
1453 2288 1600 2339 sunt,
1638 2295 1787 2345 expo*

421 2351 634 2409 suimus.

495 2457 568 2488 10.
586 2443 733 2489 Nunc
755 2441 890 2488 inter
898 2430 1100 2488 scutum
1120 2448 1170 2487 et
1184 2438 1407 2504 clipeum
1422 2436 1550 2503 quid
1569 2438 1786 2495 intersit,

419 2517 710 2566 dicendum.
738 2522 946 2566 Scutum
974 2519 1131 2583 igitur
1162 2518 1376 2565 Romani
1396 2515 1578 2564 dicunt
1596 2551 1609 2574 ‚
1646 2513 1787 2579 quod

423 2596 631 2645 firmum
653 2597 807 2644 simul
825 2608 871 2644 et
891 2607 1060 2655 tenue,
1078 2595 1216 2661 quod
1239 2595 1373 2643 idem
1388 2595 1543 2643 Graeci
1559 2597 1716 2650 ςιπτόν,
1737 2590 1786 2637 id

427 2684 500 2719 est
513 2709 526 2730 ,
550 2678 735 2742 ς-ιβαρόν,
759 2675 963 2734 dicunt,
979 2674 1139 2722 veluti
1159 2673 1515 2738 Aristophanes
1535 2672 1589 2717 in
1607 2668 1785 2716 Achar-

428 2749 669 2799 nensibus
699 2771 709 2798 ε
743 2753 936 2800 densati
955 2769 1118 2811 senes,
1151 2751 1454 2798 Marathonii
1480 2747 1786 2814 proeliatores

428 2826 615 2892 ilignei.
658 2830 787 2876 Hinc
823 2840 873 2876 et
909 2831 1205 2876 vestimenta
1243 2829 1417 2884 tenuia
1451 2826 1704 2889 densaque
1736 2830 1786 2873 et

1599 2900 1630 2961 4
