<?xml version="1.0" encoding="UTF-8"?>
<!DOCTYPE html PUBLIC "-//W3C//DTD XHTML 1.0 Transitional//EN"
    "http://www.w3.org/TR/xhtml1/DTD/xhtml1-transitional.dtd">
<html xmlns="http://www.w3.org/1999/xhtml" xml:lang="en" lang="en">
 <head>
  <title>
</title>
<meta http-equiv="Content-Type" content="text/html;charset=utf-8" />
  <meta name='ocr-system' content='tesseract 3.04.00' />
  <meta name='ocr-capabilities' content='ocr_page ocr_carea ocr_par ocr_line ocrx_word'/>
</head>
<body>
  <div class='ocr_page' id='page_1' title='image "./demagistratibusr00lyduuoft_0283.png"; bbox 0 0 2748 3834; ppageno 0'>
   <div class='ocr_carea' id='block_1_1' title="bbox 536 447 1894 624">
    <p class='ocr_par' dir='ltr' id='par_1_1' title="bbox 536 447 1894 624">
     <span class='ocr_line' id='line_1_1' title="bbox 740 447 1885 518; baseline -0.001 -1"><span class='ocrx_word' id='word_1_1' title='bbox 740 482 1114 518; x_wconf 71' lang='lat' dir='ltr'>anruamcuz</span> <span class='ocrx_word' id='word_1_2' title='bbox 1145 480 1416 515; x_wconf 67' lang='lat' dir='ltr'>nonunt.</span> <span class='ocrx_word' id='word_1_3' title='bbox 1447 482 1552 517; x_wconf 75' lang='grc' dir='ltr'><strong>ιιι.</strong></span> <span class='ocrx_word' id='word_1_4' title='bbox 1585 483 1687 518; x_wconf 68' lang='grc' dir='ltr'><strong>ιιι,</strong></span> <span class='ocrx_word' id='word_1_5' title='bbox 1793 447 1885 516; x_wconf 71' lang='grc' dir='ltr'>ιιὸι</span> 
     </span>
     <span class='ocr_line' id='line_1_2' title="bbox 536 552 1894 624; baseline 0 -18"><span class='ocrx_word' id='word_1_6' title='bbox 536 580 538 583; x_wconf 57' lang='grc'>’</span> <span class='ocrx_word' id='word_1_7' title='bbox 602 574 621 606; x_wconf 90' lang='grc' dir='ltr'>ι</span> <span class='ocrx_word' id='word_1_8' title='bbox 630 558 677 606; x_wconf 88' lang='grc'>8.</span> <span class='ocrx_word' id='word_1_9' title='bbox 717 560 878 624; x_wconf 81' lang='lat' dir='ltr'>Atque</span> <span class='ocrx_word' id='word_1_10' title='bbox 885 556 997 606; x_wconf 73' lang='lat' dir='ltr'>hoec</span> <span class='ocrx_word' id='word_1_11' title='bbox 1011 555 1219 623; x_wconf 85' lang='lat' dir='ltr'>quidem</span> <span class='ocrx_word' id='word_1_12' title='bbox 1233 565 1284 604; x_wconf 90' lang='lat' dir='ltr'>et</span> <span class='ocrx_word' id='word_1_13' title='bbox 1299 554 1548 605; x_wconf 84' lang='lat' dir='ltr'>divinitus</span> <span class='ocrx_word' id='word_1_14' title='bbox 1558 565 1617 606; x_wconf 90' lang='lat' dir='ltr'>et</span> <span class='ocrx_word' id='word_1_15' title='bbox 1620 552 1894 621; x_wconf 68' lang='lat' dir='ltr'>bbminu&#39;m</span> 
     </span>
    </p>
   </div>
   <div class='ocr_carea' id='block_1_2' title="bbox 516 634 1940 803">
    <p class='ocr_par' dir='ltr' id='par_1_2' title="bbox 516 634 1940 781">
     <span class='ocr_line' id='line_1_3' title="bbox 530 634 1921 725; baseline 0.001 -41"><span class='ocrx_word' id='word_1_16' title='bbox 530 634 680 702; x_wconf 85' lang='lat' dir='ltr'>culpa</span> <span class='ocrx_word' id='word_1_17' title='bbox 719 636 985 695; x_wconf 89' lang='lat' dir='ltr'>interiere;</span> <span class='ocrx_word' id='word_1_18' title='bbox 1019 635 1216 701; x_wconf 87' lang='lat' dir='ltr'>quippe</span> <span class='ocrx_word' id='word_1_19' title='bbox 1251 650 1394 683; x_wconf 86' lang='lat' dir='ltr'>nuno</span> <span class='ocrx_word' id='word_1_20' title='bbox 1432 651 1640 725; x_wconf 75' lang='lat' dir='ltr'>prorsus</span> <span class='ocrx_word' id='word_1_21' title='bbox 1672 634 1921 703; x_wconf 39' lang='lat' dir='ltr'>utg&#39;l&#39;eeta·</span> 
     </span>
     <span class='ocr_line' id='line_1_4' title="bbox 516 706 1940 803; baseline 0.001 -43"><span class='ocrx_word' id='word_1_22' title='bbox 516 713 712 777; x_wconf 76' lang='lat' dir='ltr'>jacent.</span> <span class='ocrx_word' id='word_1_23' title='bbox 726 715 827 763; x_wconf 83' lang='lat' dir='ltr'>Nee</span> <span class='ocrx_word' id='word_1_24' title='bbox 849 706 1023 762; x_wconf 85' lang='lat' dir='ltr'>minus</span> <span class='ocrx_word' id='word_1_25' title='bbox 1040 711 1377 779; x_wconf 82' lang='lat' dir='ltr'><strong>multiplicem</strong></span> <span class='ocrx_word' id='word_1_26' title='bbox 1406 714 1582 762; x_wconf 86' lang='lat' dir='ltr'>serinii</span> <span class='ocrx_word' id='word_1_27' title='bbox 1615 713 1896 803; x_wconf 57' lang='lat' dir='ltr'>potentum</span> <span class='ocrx_word' id='word_1_28' title='bbox 1936 759 1940 762; x_wconf 23' lang='lat'><strong>⁴</strong></span> 
     </span>
    </p>
   </div>
   <div class='ocr_carea' id='block_1_3' title="bbox 459 790 1918 1874">
    <p class='ocr_par' dir='ltr' id='par_1_3' title="bbox 459 790 1918 1874">
     <span class='ocr_line' id='line_1_5' title="bbox 459 790 1897 859; baseline 0.001 -19"><span class='ocrx_word' id='word_1_29' title='bbox 459 832 470 854; x_wconf 58' lang='lat'><em>„</em></span> <span class='ocrx_word' id='word_1_30' title='bbox 532 790 744 840; x_wconf 89' lang='lat' dir='ltr'>ornabat</span> <span class='ocrx_word' id='word_1_31' title='bbox 775 800 1213 850; x_wconf 85' lang='lat' dir='ltr'>commentorum,</span> <span class='ocrx_word' id='word_1_32' title='bbox 1242 800 1304 839; x_wconf 87' lang='lat' dir='ltr'>ut</span> <span class='ocrx_word' id='word_1_33' title='bbox 1328 801 1540 851; x_wconf 81' lang='lat' dir='ltr'>vocant,</span> <span class='ocrx_word' id='word_1_34' title='bbox 1567 792 1779 859; x_wconf 73' lang='lat' dir='ltr'>insignis</span> <span class='ocrx_word' id='word_1_35' title='bbox 1808 806 1897 859; x_wconf 80' lang='lat' dir='ltr'>po·-</span> 
     </span>
     <span class='ocr_line' id='line_1_6' title="bbox 534 866 1898 936; baseline 0 -19"><span class='ocrx_word' id='word_1_36' title='bbox 534 879 695 918; x_wconf 89' lang='lat' dir='ltr'>testas.</span> <span class='ocrx_word' id='word_1_37' title='bbox 719 869 944 935; x_wconf 82' lang='lat' dir='ltr'>Cupiens</span> <span class='ocrx_word' id='word_1_38' title='bbox 965 869 1103 917; x_wconf 87' lang='lat' dir='ltr'>enim</span> <span class='ocrx_word' id='word_1_39' title='bbox 1128 867 1389 935; x_wconf 82' lang='lat' dir='ltr'>praeseetus</span> <span class='ocrx_word' id='word_1_40' title='bbox 1411 869 1646 936; x_wconf 69' lang='lat' dir='ltr'>praetorio</span> <span class='ocrx_word' id='word_1_41' title='bbox 1660 903 1676 929; x_wconf 90' lang='lat'>,</span> <span class='ocrx_word' id='word_1_42' title='bbox 1703 869 1808 917; x_wconf 77' lang='lat' dir='ltr'>sive</span> <span class='ocrx_word' id='word_1_43' title='bbox 1831 866 1898 929; x_wconf 72' lang='lat' dir='ltr'>,ab</span> 
     </span>
     <span class='ocr_line' id='line_1_7' title="bbox 537 946 1900 1014; baseline 0 -18"><span class='ocrx_word' id='word_1_44' title='bbox 537 949 838 1013; x_wconf 72' lang='lat' dir='ltr'>imperatore</span> <span class='ocrx_word' id='word_1_45' title='bbox 855 948 1202 1012; x_wconf 84' lang='lat' dir='ltr'>auctoritatem</span> <span class='ocrx_word' id='word_1_46' title='bbox 1229 946 1444 1007; x_wconf 86' lang='lat' dir='ltr'>habens,</span> <span class='ocrx_word' id='word_1_47' title='bbox 1462 948 1571 1012; x_wconf 63' lang='lat' dir='ltr'>sive</span> <span class='ocrx_word' id='word_1_48' title='bbox 1593 949 1700 1014; x_wconf 82' lang='lat' dir='ltr'>ipse</span> <span class='ocrx_word' id='word_1_49' title='bbox 1726 963 1900 996; x_wconf 84' lang='lat' dir='ltr'>secun-</span> 
     </span>
     <span class='ocr_line' id='line_1_8' title="bbox 535 1023 1898 1092; baseline -0.001 -18"><span class='ocrx_word' id='word_1_50' title='bbox 535 1025 662 1083; x_wconf 79' lang='lat' dir='ltr'>dum</span> <span class='ocrx_word' id='word_1_51' title='bbox 683 1023 843 1090; x_wconf 83' lang='lat' dir='ltr'>legem</span> <span class='ocrx_word' id='word_1_52' title='bbox 866 1035 1176 1085; x_wconf 88' lang='lat' dir='ltr'>commotus,</span> <span class='ocrx_word' id='word_1_53' title='bbox 1202 1025 1549 1091; x_wconf 78' lang='lat' dir='ltr'>magistratum</span> <span class='ocrx_word' id='word_1_54' title='bbox 1563 1023 1898 1092; x_wconf 79' lang='lat' dir='ltr'>qualemcun-</span> 
     </span>
     <span class='ocr_line' id='line_1_9' title="bbox 535 1101 1898 1169; baseline 0 -19"><span class='ocrx_word' id='word_1_55' title='bbox 535 1118 637 1169; x_wconf 85' lang='lat' dir='ltr'>que</span> <span class='ocrx_word' id='word_1_56' title='bbox 651 1138 665 1163; x_wconf 91' lang='lat'><strong>,</strong></span> <span class='ocrx_word' id='word_1_57' title='bbox 682 1111 772 1150; x_wconf 91' lang='lat' dir='ltr'>aut</span> <span class='ocrx_word' id='word_1_58' title='bbox 789 1101 1134 1167; x_wconf 85' lang='lat' dir='ltr'>subjectorum</span> <span class='ocrx_word' id='word_1_59' title='bbox 1152 1101 1408 1168; x_wconf 85' lang='lat' dir='ltr'>quendam</span> <span class='ocrx_word' id='word_1_60' title='bbox 1431 1101 1530 1169; x_wconf 79' lang='lat' dir='ltr'>legi</span> <span class='ocrx_word' id='word_1_61' title='bbox 1551 1102 1746 1163; x_wconf 82' lang='lat' dir='ltr'>sistere,</span> <span class='ocrx_word' id='word_1_62' title='bbox 1764 1118 1898 1152; x_wconf 86' lang='lat' dir='ltr'>oom-</span> 
     </span>
     <span class='ocr_line' id='line_1_10' title="bbox 537 1179 1900 1248; baseline 0.001 -20"><span class='ocrx_word' id='word_1_63' title='bbox 537 1180 927 1231; x_wconf 85' lang='lat' dir='ltr'>mentariensem</span> <span class='ocrx_word' id='word_1_64' title='bbox 948 1180 1163 1229; x_wconf 86' lang='lat' dir='ltr'>scribam</span> <span class='ocrx_word' id='word_1_65' title='bbox 1182 1183 1371 1230; x_wconf 69' lang='lat' dir='ltr'>Secreto</span> <span class='ocrx_word' id='word_1_66' title='bbox 1385 1179 1636 1241; x_wconf 80' lang='lat' dir='ltr'>sumebat,</span> <span class='ocrx_word' id='word_1_67' title='bbox 1649 1181 1799 1248; x_wconf 88' lang='lat' dir='ltr'>eique</span> <span class='ocrx_word' id='word_1_68' title='bbox 1816 1197 1900 1229; x_wconf 89' lang='lat' dir='ltr'>ne·</span> 
     </span>
     <span class='ocr_line' id='line_1_11' title="bbox 537 1250 1900 1326; baseline 0.003 -18"><span class='ocrx_word' id='word_1_69' title='bbox 537 1250 732 1326; x_wconf 76' lang='lat' dir='ltr'>go‘tium</span> <span class='ocrx_word' id='word_1_70' title='bbox 755 1258 1092 1326; x_wconf 82' lang='lat' dir='ltr'>permittebat.</span> <span class='ocrx_word' id='word_1_71' title='bbox 1111 1259 1388 1310; x_wconf 13' lang='lat' dir='ltr'>Hiovautem</span> <span class='ocrx_word' id='word_1_72' title='bbox 1402 1270 1419 1321; x_wconf 50' lang='grc' dir='ltr'><em>ᾗ</em></span> <span class='ocrx_word' id='word_1_73' title='bbox 1433 1258 1582 1309; x_wconf 87' lang='lat' dir='ltr'>illum</span> <span class='ocrx_word' id='word_1_74' title='bbox 1606 1258 1795 1320; x_wconf 83' lang='lat' dir='ltr'>latens,</span> <span class='ocrx_word' id='word_1_75' title='bbox 1817 1258 1900 1312; x_wconf 80' lang='lat' dir='ltr'>ad.-</span> 
     </span>
     <span class='ocr_line' id='line_1_12' title="bbox 537 1335 1902 1388; baseline 0 -4"><span class='ocrx_word' id='word_1_76' title='bbox 537 1347 708 1385; x_wconf 88' lang='lat' dir='ltr'>sumto</span> <span class='ocrx_word' id='word_1_77' title='bbox 733 1335 1026 1386; x_wconf 85' lang='lat' dir='ltr'>fidelissimo</span> <span class='ocrx_word' id='word_1_78' title='bbox 1049 1337 1204 1386; x_wconf 90' lang='lat' dir='ltr'>simul</span> <span class='ocrx_word' id='word_1_79' title='bbox 1236 1348 1286 1386; x_wconf 91' lang='lat' dir='ltr'>et</span> <span class='ocrx_word' id='word_1_80' title='bbox 1316 1338 1532 1386; x_wconf 84' lang='lat' dir='ltr'>maxime</span> <span class='ocrx_word' id='word_1_81' title='bbox 1561 1336 1812 1388; x_wconf 86' lang='lat' dir='ltr'>honorato</span> <span class='ocrx_word' id='word_1_82' title='bbox 1838 1336 1902 1385; x_wconf 92' lang='lat' dir='ltr'>de</span> 
     </span>
     <span class='ocr_line' id='line_1_13' title="bbox 537 1413 1903 1482; baseline -0.001 -18"><span class='ocrx_word' id='word_1_83' title='bbox 537 1416 642 1464; x_wconf 88' lang='lat' dir='ltr'>suis</span> <span class='ocrx_word' id='word_1_84' title='bbox 663 1414 1004 1476; x_wconf 84' lang='lat' dir='ltr'>chartulariis,</span> <span class='ocrx_word' id='word_1_85' title='bbox 1024 1414 1184 1465; x_wconf 90' lang='lat' dir='ltr'>latino</span> <span class='ocrx_word' id='word_1_86' title='bbox 1205 1432 1436 1465; x_wconf 83' lang='lat' dir='ltr'>sermone</span> <span class='ocrx_word' id='word_1_87' title='bbox 1465 1432 1610 1482; x_wconf 83' lang='lat' dir='ltr'>grave</span> <span class='ocrx_word' id='word_1_88' title='bbox 1636 1413 1903 1478; x_wconf 88' lang='lat' dir='ltr'>synthema</span> 
     </span>
     <span class='ocr_line' id='line_1_14' title="bbox 469 1493 1903 1560; baseline 0 -18"><span class='ocrx_word' id='word_1_89' title='bbox 469 1547 480 1559; x_wconf 53' lang='lat'>‚</span> <span class='ocrx_word' id='word_1_90' title='bbox 534 1493 753 1542; x_wconf 84' lang='lat' dir='ltr'>dictabat</span> <span class='ocrx_word' id='word_1_91' title='bbox 765 1530 780 1554; x_wconf 88' lang='lat'><strong>,</strong></span> <span class='ocrx_word' id='word_1_92' title='bbox 798 1510 971 1544; x_wconf 85' lang='lat' dir='ltr'>eoram</span> <span class='ocrx_word' id='word_1_93' title='bbox 986 1493 1358 1560; x_wconf 88' lang='lat' dir='ltr'>adparitoribus</span> <span class='ocrx_word' id='word_1_94' title='bbox 1375 1493 1667 1543; x_wconf 84' lang='lat' dir='ltr'>fidelissimo</span> <span class='ocrx_word' id='word_1_95' title='bbox 1685 1493 1841 1542; x_wconf 88' lang='lat' dir='ltr'>simul</span> <span class='ocrx_word' id='word_1_96' title='bbox 1852 1502 1903 1542; x_wconf 90' lang='lat' dir='ltr'>et</span> 
     </span>
     <span class='ocr_line' id='line_1_15' title="bbox 536 1573 1900 1642; baseline 0 -21"><span class='ocrx_word' id='word_1_97' title='bbox 536 1573 783 1622; x_wconf 89' lang='lat' dir='ltr'>eminenti</span> <span class='ocrx_word' id='word_1_98' title='bbox 810 1574 1127 1635; x_wconf 87' lang='lat' dir='ltr'>mandans‚..</span> <span class='ocrx_word' id='word_1_99' title='bbox 1144 1610 1155 1622; x_wconf 88' lang='lat'><strong>.</strong></span> <span class='ocrx_word' id='word_1_100' title='bbox 1177 1584 1237 1623; x_wconf 93' lang='lat' dir='ltr'>ut</span> <span class='ocrx_word' id='word_1_101' title='bbox 1256 1574 1595 1642; x_wconf 81' lang='lat' dir='ltr'>indignationi</span> <span class='ocrx_word' id='word_1_102' title='bbox 1620 1573 1900 1634; x_wconf 85' lang='lat' dir='ltr'>obnoxium</span> 
     </span>
     <span class='ocr_line' id='line_1_16' title="bbox 537 1649 1918 1719; baseline 0 -19"><span class='ocrx_word' id='word_1_103' title='bbox 537 1650 602 1700; x_wconf 91' lang='lat' dir='ltr'>ad</span> <span class='ocrx_word' id='word_1_104' title='bbox 620 1650 846 1700; x_wconf 86' lang='lat' dir='ltr'>tribunal</span> <span class='ocrx_word' id='word_1_105' title='bbox 862 1649 1146 1712; x_wconf 81' lang='lat' dir='ltr'>adduceret.</span> <span class='ocrx_word' id='word_1_106' title='bbox 1168 1651 1319 1713; x_wconf 90' lang='lat' dir='ltr'>Quod</span> <span class='ocrx_word' id='word_1_107' title='bbox 1334 1653 1378 1701; x_wconf 90' lang='lat' dir='ltr'>si</span> <span class='ocrx_word' id='word_1_108' title='bbox 1389 1662 1567 1702; x_wconf 85' lang='lat' dir='ltr'>autem</span> <span class='ocrx_word' id='word_1_109' title='bbox 1588 1652 1918 1719; x_wconf 86' lang='lat' dir='ltr'>imperatoris·</span> 
     </span>
     <span class='ocr_line' id='line_1_17' title="bbox 537 1725 1903 1798; baseline 0 -21"><span class='ocrx_word' id='word_1_110' title='bbox 537 1727 839 1795; x_wconf 85' lang='lat' dir='ltr'>benignitas,</span> <span class='ocrx_word' id='word_1_111' title='bbox 852 1739 903 1779; x_wconf 90' lang='lat' dir='ltr'>et</span> <span class='ocrx_word' id='word_1_112' title='bbox 914 1730 1007 1796; x_wconf 89' lang='lat' dir='ltr'>qui</span> <span class='ocrx_word' id='word_1_113' title='bbox 1019 1730 1170 1778; x_wconf 85' lang='lat' dir='ltr'>etiam</span> <span class='ocrx_word' id='word_1_114' title='bbox 1184 1738 1299 1788; x_wconf 82' lang='lat' dir='ltr'>erat¹</span> <span class='ocrx_word' id='word_1_115' title='bbox 1309 1730 1694 1798; x_wconf 83' lang='lat' dir='ltr'>magistratuum</span> <span class='ocrx_word' id='word_1_116' title='bbox 1714 1730 1769 1777; x_wconf 90' lang='lat' dir='ltr'>in</span> <span class='ocrx_word' id='word_1_117' title='bbox 1787 1725 1903 1777; x_wconf 87' lang='lat' dir='ltr'>sub-</span> 
     </span>
     <span class='ocr_line' id='line_1_18' title="bbox 536 1803 1905 1874; baseline 0.001 -19"><span class='ocrx_word' id='word_1_118' title='bbox 536 1806 693 1871; x_wconf 85' lang='lat' dir='ltr'>jectos</span> <span class='ocrx_word' id='word_1_119' title='bbox 716 1823 887 1867; x_wconf 91' lang='lat' dir='ltr'>amor,</span> <span class='ocrx_word' id='word_1_120' title='bbox 911 1806 1174 1855; x_wconf 88' lang='lat' dir='ltr'>damnatos</span> <span class='ocrx_word' id='word_1_121' title='bbox 1193 1803 1341 1855; x_wconf 83' lang='lat' dir='ltr'>venia</span> <span class='ocrx_word' id='word_1_122' title='bbox 1372 1806 1685 1874; x_wconf 83' lang='lat' dir='ltr'>dignassent,</span> <span class='ocrx_word' id='word_1_123' title='bbox 1707 1821 1905 1856; x_wconf 79' lang='lat' dir='ltr'>necesse</span> 
     </span>
    </p>
   </div>
   <div class='ocr_carea' id='block_1_4' title="bbox 538 1882 1904 2009">
    <p class='ocr_par' dir='ltr' id='par_1_4' title="bbox 538 1882 1904 2009">
     <span class='ocr_line' id='line_1_19' title="bbox 538 1882 1904 2009; baseline 0 -78"><span class='ocrx_word' id='word_1_124' title='bbox 538 1893 726 2009; x_wconf 45' lang='grc' dir='ltr'>ῗηῑῖ</span> <span class='ocrx_word' id='word_1_125' title='bbox 695 1883 966 1933; x_wconf 87' lang='lat' dir='ltr'>liberatum</span> <span class='ocrx_word' id='word_1_126' title='bbox 983 1901 1036 1933; x_wconf 88' lang='lat' dir='ltr'>re</span> <span class='ocrx_word' id='word_1_127' title='bbox 1052 1886 1160 1952; x_wconf 87' lang='lat' dir='ltr'>ipsa</span> <span class='ocrx_word' id='word_1_128' title='bbox 1178 1884 1541 1934; x_wconf 84' lang='lat' dir='ltr'>mediatoribus</span> <span class='ocrx_word' id='word_1_129' title='bbox 1562 1886 1772 1964; x_wconf 83' lang='lat' dir='ltr'>gratiam</span> <span class='ocrx_word' id='word_1_130' title='bbox 1797 1882 1904 1951; x_wconf 91' lang='lat' dir='ltr'>pol-</span> 
     </span>
     <span class='ocr_line' id='line_1_20' title="bbox 558 1977 710 2009; baseline 0 -1"><span class='ocrx_word' id='word_1_131' title='bbox 558 1977 710 2009; x_wconf 69' lang='lat' dir='ltr'>loen.-</span> 
     </span>
    </p>
   </div>
   <div class='ocr_carea' id='block_1_5' title="bbox 538 2014 1910 2106">
    <p class='ocr_par' dir='ltr' id='par_1_5' title="bbox 538 2014 1910 2106">
     <span class='ocr_line' id='line_1_21' title="bbox 538 2014 1910 2106; baseline 0.001 -21"><span class='ocrx_word' id='word_1_132' title='bbox 538 2056 548 2065; x_wconf 82' lang='lat'><strong>·</strong></span> <span class='ocrx_word' id='word_1_133' title='bbox 615 2054 688 2104; x_wconf 85' lang='lat'>19.</span> <span class='ocrx_word' id='word_1_134' title='bbox 713 2014 929 2095; x_wconf 78' lang='lat' dir='ltr'>Junetus</span> <span class='ocrx_word' id='word_1_135' title='bbox 940 2018 1149 2106; x_wconf 88' lang='lat' dir='ltr'>quoque</span> <span class='ocrx_word' id='word_1_136' title='bbox 1164 2047 1572 2099; x_wconf 73' lang='lat' dir='ltr'>commentorum</span> <span class='ocrx_word' id='word_1_137' title='bbox 1587 2028 1775 2087; x_wconf 85' lang='lat' dir='ltr'>scrinio</span> <span class='ocrx_word' id='word_1_138' title='bbox 1787 2073 1800 2098; x_wconf 93' lang='lat'><strong>,</strong></span> <span class='ocrx_word' id='word_1_139' title='bbox 1815 2039 1910 2104; x_wconf 89' lang='lat' dir='ltr'>qui</span> 
     </span>
    </p>
   </div>
   <div class='ocr_carea' id='block_1_6' title="bbox 466 2114 1911 2183">
    <p class='ocr_par' dir='ltr' id='par_1_6' title="bbox 466 2114 1911 2183">
     <span class='ocr_line' id='line_1_22' title="bbox 466 2114 1911 2183; baseline -0.001 -20"><span class='ocrx_word' id='word_1_140' title='bbox 466 2145 470 2148; x_wconf 40' lang='lat'><strong>⁴</strong></span> <span class='ocrx_word' id='word_1_141' title='bbox 542 2116 992 2173; x_wconf 86' lang='lat' dir='ltr'>instrumentarius</span> <span class='ocrx_word' id='word_1_142' title='bbox 1013 2116 1096 2183; x_wconf 89' lang='lat' dir='ltr'>(id</span> <span class='ocrx_word' id='word_1_143' title='bbox 1119 2127 1218 2178; x_wconf 81' lang='lat' dir='ltr'>est,</span> <span class='ocrx_word' id='word_1_144' title='bbox 1247 2118 1707 2165; x_wconf 86' lang='lat' dir='ltr'>instrumentorum</span> <span class='ocrx_word' id='word_1_145' title='bbox 1728 2114 1911 2179; x_wconf 87' lang='lat' dir='ltr'>judicii</span> 
     </span>
    </p>
   </div>
   <div class='ocr_carea' id='block_1_7' title="bbox 0 0 521 3834">
    <p class='ocr_par' dir='ltr' id='par_1_7' title="bbox 0 0 521 3834">
     <span class='ocr_line' id='line_1_23' title="bbox 0 0 521 3834; baseline 0 0"><span class='ocrx_word' id='word_1_146' title='bbox 0 0 521 3834; x_wconf 95' lang='lat' dir='ltr'> </span> 
     </span>
    </p>
   </div>
   <div class='ocr_carea' id='block_1_8' title="bbox 543 2192 1958 2342">
    <p class='ocr_par' dir='ltr' id='par_1_8' title="bbox 543 2192 1958 2342">
     <span class='ocr_line' id='line_1_24' title="bbox 544 2192 1910 2258; baseline -0.001 -18"><span class='ocrx_word' id='word_1_147' title='bbox 544 2193 749 2258; x_wconf 76' lang='lat' dir='ltr'>eustos)</span> <span class='ocrx_word' id='word_1_148' title='bbox 769 2193 1032 2249; x_wconf 79' lang='lat' dir='ltr'>dicebatur</span> <span class='ocrx_word' id='word_1_149' title='bbox 1048 2230 1062 2253; x_wconf 94' lang='lat'>,</span> <span class='ocrx_word' id='word_1_150' title='bbox 1087 2195 1234 2258; x_wconf 86' lang='lat' dir='ltr'>cujus</span> <span class='ocrx_word' id='word_1_151' title='bbox 1256 2209 1450 2242; x_wconf 89' lang='lat' dir='ltr'>munus</span> <span class='ocrx_word' id='word_1_152' title='bbox 1472 2204 1577 2253; x_wconf 87' lang='lat' dir='ltr'>erat</span> <span class='ocrx_word' id='word_1_153' title='bbox 1598 2192 1910 2241; x_wconf 89' lang='lat' dir='ltr'>subscribere</span> 
     </span>
     <span class='ocr_line' id='line_1_25' title="bbox 543 2269 1958 2342; baseline -0.001 -24"><span class='ocrx_word' id='word_1_154' title='bbox 543 2280 594 2319; x_wconf 89' lang='lat' dir='ltr'>et</span> <span class='ocrx_word' id='word_1_155' title='bbox 628 2269 881 2342; x_wconf 85' lang='lat' dir='ltr'>complere</span> <span class='ocrx_word' id='word_1_156' title='bbox 917 2273 1204 2320; x_wconf 88' lang='lat' dir='ltr'>sententias.</span> <span class='ocrx_word' id='word_1_157' title='bbox 1237 2275 1299 2319; x_wconf 90' lang='lat' dir='ltr'>Et</span> <span class='ocrx_word' id='word_1_158' title='bbox 1339 2270 1481 2320; x_wconf 86' lang='lat' dir='ltr'>locus</span> <span class='ocrx_word' id='word_1_159' title='bbox 1518 2271 1727 2338; x_wconf 89' lang='lat' dir='ltr'>quidem</span> <span class='ocrx_word' id='word_1_160' title='bbox 1766 2271 1814 2318; x_wconf 90' lang='lat' dir='ltr'>ei</span> <span class='ocrx_word' id='word_1_161' title='bbox 1852 2271 1907 2318; x_wconf 88' lang='lat' dir='ltr'>in</span> <span class='ocrx_word' id='word_1_162' title='bbox 1956 2272 1958 2275; x_wconf 78' lang='grc'>’</span> 
     </span>
    </p>
   </div>
   <div class='ocr_carea' id='block_1_9' title="bbox 601 2443 1694 2756">
    <p class='ocr_par' dir='ltr' id='par_1_9' title="bbox 601 2443 1387 2503">
     <span class='ocr_line' id='line_1_26' title="bbox 601 2443 1387 2503; baseline -0.001 -17"><span class='ocrx_word' id='word_1_163' title='bbox 601 2446 671 2503; x_wconf 84' lang='grc' dir='ltr'>ιο)</span> <span class='ocrx_word' id='word_1_164' title='bbox 700 2443 883 2485; x_wconf 79' lang='lat' dir='ltr'>Videtur</span> <span class='ocrx_word' id='word_1_165' title='bbox 904 2445 1029 2486; x_wconf 74' lang='lat' dir='ltr'>fuisse</span> <span class='ocrx_word' id='word_1_166' title='bbox 1044 2448 1166 2486; x_wconf 64' lang='grc' dir='ltr'>λαθὼν</span> <span class='ocrx_word' id='word_1_167' title='bbox 1183 2451 1328 2486; x_wconf 66' lang='grc' dir='ltr'>τοῦτον</span> <span class='ocrx_word' id='word_1_168' title='bbox 1382 2464 1387 2470; x_wconf 41' lang='lat' dir='ltr'>r</span> 
     </span>
    </p>

    <p class='ocr_par' dir='ltr' id='par_1_10' title="bbox 601 2500 1473 2563">
     <span class='ocr_line' id='line_1_27' title="bbox 601 2500 1473 2563; baseline 0 -15"><span class='ocrx_word' id='word_1_169' title='bbox 601 2525 616 2548; x_wconf 86' lang='lat'>1</span> <span class='ocrx_word' id='word_1_170' title='bbox 629 2500 670 2558; x_wconf 85' lang='grc' dir='ltr'>ι)</span> <span class='ocrx_word' id='word_1_171' title='bbox 696 2507 874 2551; x_wconf 80' lang='lat' dir='ltr'>Videtur</span> <span class='ocrx_word' id='word_1_172' title='bbox 894 2507 1018 2549; x_wconf 76' lang='lat' dir='ltr'>fuisse</span> <span class='ocrx_word' id='word_1_173' title='bbox 1037 2526 1097 2550; x_wconf 76' lang='grc' dir='ltr'><strong>και</strong></span> <span class='ocrx_word' id='word_1_174' title='bbox 1120 2512 1255 2563; x_wconf 78' lang='grc' dir='ltr'><strong>μάλιςα</strong></span> <span class='ocrx_word' id='word_1_175' title='bbox 1278 2513 1473 2562; x_wconf 73' lang='grc' dir='ltr'><strong>τετιμένον.</strong></span> 
     </span>
    </p>

    <p class='ocr_par' dir='ltr' id='par_1_11' title="bbox 603 2572 1012 2627">
     <span class='ocr_line' id='line_1_28' title="bbox 603 2572 1012 2627; baseline 0 -15"><span class='ocrx_word' id='word_1_176' title='bbox 603 2574 674 2621; x_wconf 73' lang='lat'>12)</span> <span class='ocrx_word' id='word_1_177' title='bbox 700 2572 812 2626; x_wconf 85' lang='lat' dir='ltr'>Lego</span> <span class='ocrx_word' id='word_1_178' title='bbox 829 2576 1012 2627; x_wconf 70' lang='grc' dir='ltr'><strong>σύνθημα.</strong></span> 
     </span>
    </p>

    <p class='ocr_par' dir='ltr' id='par_1_12' title="bbox 603 2635 1367 2690">
     <span class='ocr_line' id='line_1_29' title="bbox 603 2635 1367 2690; baseline 0.005 -16"><span class='ocrx_word' id='word_1_179' title='bbox 603 2636 673 2685; x_wconf 79' lang='lat'>13)</span> <span class='ocrx_word' id='word_1_180' title='bbox 699 2635 811 2690; x_wconf 78' lang='lat' dir='ltr'>Lego</span> <span class='ocrx_word' id='word_1_181' title='bbox 830 2637 948 2677; x_wconf 55' lang='grc' dir='ltr'>καθ’</span> <span class='ocrx_word' id='word_1_182' title='bbox 926 2655 1020 2678; x_wconf 70' lang='lat' dir='ltr'>ema.</span> <span class='ocrx_word' id='word_1_183' title='bbox 1365 2675 1367 2677; x_wconf 95' lang='lat'>.</span> 
     </span>
    </p>

    <p class='ocr_par' dir='ltr' id='par_1_13' title="bbox 603 2699 1694 2756">
     <span class='ocr_line' id='line_1_30' title="bbox 603 2699 1694 2756; baseline 0.004 -18"><span class='ocrx_word' id='word_1_184' title='bbox 603 2699 673 2749; x_wconf 70' lang='lat'>14)</span> <span class='ocrx_word' id='word_1_185' title='bbox 696 2707 835 2743; x_wconf 78' lang='grc' dir='ltr'>ποηνῶν</span> <span class='ocrx_word' id='word_1_186' title='bbox 851 2715 939 2741; x_wconf 86' lang='lat' dir='ltr'>non</span> <span class='ocrx_word' id='word_1_187' title='bbox 955 2699 1150 2755; x_wconf 85' lang='lat' dir='ltr'>intelligo.</span> <span class='ocrx_word' id='word_1_188' title='bbox 1169 2703 1292 2742; x_wconf 85' lang='lat' dir='ltr'>Forte</span> <span class='ocrx_word' id='word_1_189' title='bbox 1309 2701 1525 2756; x_wconf 81' lang='lat' dir='ltr'>legendum</span> <span class='ocrx_word' id='word_1_190' title='bbox 1548 2708 1694 2743; x_wconf 73' lang='grc' dir='ltr'><strong>ποινῶν.</strong></span> 
     </span>
    </p>
   </div>
   <div class='ocr_carea' id='block_1_10' title="bbox 602 2762 1542 2882">
    <p class='ocr_par' dir='ltr' id='par_1_14' title="bbox 602 2762 1542 2882">
     <span class='ocr_line' id='line_1_31' title="bbox 602 2762 1542 2819; baseline 0.005 -17"><span class='ocrx_word' id='word_1_191' title='bbox 602 2762 672 2811; x_wconf 76' lang='grc'>15)</span> <span class='ocrx_word' id='word_1_192' title='bbox 699 2764 794 2803; x_wconf 77' lang='lat' dir='ltr'>Poet</span> <span class='ocrx_word' id='word_1_193' title='bbox 813 2766 999 2818; x_wconf 73' lang='grc' dir='ltr'><strong>ομολογεῖν</strong></span> <span class='ocrx_word' id='word_1_194' title='bbox 1017 2765 1173 2819; x_wconf 78' lang='lat' dir='ltr'>aliquot</span> <span class='ocrx_word' id='word_1_195' title='bbox 1189 2767 1316 2807; x_wconf 81' lang='lat' dir='ltr'>literae</span> <span class='ocrx_word' id='word_1_196' title='bbox 1337 2765 1542 2807; x_wconf 72' lang='lat' dir='ltr'>extinctae</span> 
     </span>
     <span class='ocr_line' id='line_1_32' title="bbox 606 2818 978 2882; baseline 0.006 -16"><span class='ocrx_word' id='word_1_197' title='bbox 606 2827 675 2876; x_wconf 84' lang='lat'>16)</span> <span class='ocrx_word' id='word_1_198' title='bbox 701 2818 801 2867; x_wconf 75' lang='lat' dir='ltr'>God-</span> <span class='ocrx_word' id='word_1_199' title='bbox 830 2830 978 2882; x_wconf 75' lang='grc' dir='ltr'><strong>ἀρχιων.</strong></span> 
     </span>
    </p>
   </div>
   <div class='ocr_carea' id='block_1_11' title="bbox 1659 0 2126 223">
    <p class='ocr_par' dir='ltr' id='par_1_15' title="bbox 1659 0 2126 223">
     <span class='ocr_line' id='line_1_33' title="bbox 1659 0 2126 223; baseline 0 3611"><span class='ocrx_word' id='word_1_200' title='bbox 1659 0 2126 223; x_wconf 95' lang='lat' dir='ltr'> </span> 
     </span>
    </p>
   </div>
  </div>
 </body>
</html>
