2748 3834
675 549 1043 583 mnu-namen:
1078 546 1344 581 nonnus
1379 548 1482 582 ιη.
1515 551 1600 584 111.
1718 536 1817 606 267

454 633 655 684 terunt,
684 642 790 674 non
814 627 941 674 mari
958 627 1173 693 piscem,
1207 641 1314 674 non
1342 626 1820 678 montibus-silviae

454 718 596 751 avem
622 704 975 763 concedentes,
1007 714 1116 752 toto
1138 702 1347 751 Phaside
1372 703 1538 770 epulis
1557 701 1705 752 hand*
1719 705 1821 754 suf-

456 779 659 831 ficiente
690 801 703 831 :
737 792 797 832 ut
829 781 1057 848 refugere
1087 783 1311 848 pectines
1330 818 1343 841 ‚
1390 798 1496 830 non
1537 782 1757 831 natm-'ali
1782 799 1824 831 ἐ

457 856 606 907 loco
592 877 647 909 m
680 860 852 909 locum
882 860 1075 910 volatui
1109 872 1212 908 sese
1246 858 1600 919 confidentes,
1623 859 1709 908 sed
1734 870 1825 925 per

458 952 649 999 aerem,
667 939 872 987 ostracis
889 939 1048 988 veluti
1070 938 1161 986 alis
1181 947 1403 998 utentes,
1428 939 1615 987 evitare
1637 939 1826 1005 Cappa·

419 1014 430 1024 '
458 1016 645 1065 docum
666 1020 985 1067 voracitatem
1010 1017 1318 1067 viderentur.

528 1092 607 1142 63.
643 1096 793 1156 Quod
818 1112 935 1144 vero
965 1096 1267 1161 acipenseris
1300 1096 1451 1162 piscis
1480 1092 1610 1143 forte
1634 1096 1827 1142 mentio

461 1171 642 1219 incidit
657 1208 670 1232 ,
693 1172 759 1220 de
778 1190 839 1221 eo
862 1173 990 1220 mihi
1017 1174 1217 1239 cognita
1244 1188 1542 1239 proponam.
1578 1173 1729 1220 Piscis
1754 1182 1829 1221 est

462 1250 630 1298 mollis
647 1287 661 1311 ‚
697 1240 1011 1318 pellucidus3
1053 1261 1115 1300 ut
1147 1253 1291 1318 quasi
1318 1250 1491 1317 glaciei
1522 1259 1573 1298 et
1596 1246 1830 1310 crystallo

462 1329 679 1377 similem
694 1364 709 1389 ,
743 1346 912 1396 neque
929 1330 1133 1378 densam
1157 1339 1207 1378 et
1233 1344 1495 1378 nervosam
1523 1341 1725 1375 earnem
1750 1325 1831 1373 ha-

463 1402 582 1453 bere
604 1405 837 1454 videatur
861 1425 872 1454 τ
897 1399 1153 1474 viviparus
1173 1406 1307 1455 idem
1327 1442 1340 1466 ,
1375 1415 1426 1454 et
1451 1402 1830 1471 quodammodo

464 1484 705 1532 ruminat.
739 1484 872 1533 Solet
905 1494 1075 1533 autem
1110 1485 1344 1534 felicibus
1373 1485 1496 1533 locis
1534 1481 1830 1530 immorari:

466 1562 604 1610 unde
629 1580 748 1611 cum
777 1564 915 1613 tibiis
938 1555 1287 1632 cymbalisque
1309 1564 1446 1632 apud
1471 1567 1724 1612 Romanos
1750 1559 1832 1608 ad-

466 1641 781 1706 ponebatur,
821 1653 880 1692 ut
905 1645 976 1692 ait
1002 1643 1285 1692 Athenaeus.
1313 1646 1498 1702 Natans
1520 1632 1693 1691 autem
1726 1655 1834 1688 suc-

467 1720 807 1770 crescentibus
846 1723 943 1788 ipsi
966 1723 1142 1788 pinnis
1179 1722 1353 1792 oculos
1380 1723 1517 1788 tegit.
1547 1724 1619 1769 Et·
1638 1719 1835 1789 elopem

467 1797 676 1861 quidem
695 1815 812 1847 eum
833 1800 1117 1848 Aristoteles
1132 1816 1411 1865 omnesque
1428 1797 1628 1864 physici
1641 1803 1837 1854 vocant,

469 1891 563 1922 nec
599 1893 705 1925 non
742 1877 1101 1944 Aristophanes
1121 1914 1134 1937 ‚
1184 1879 1491 1939 Byzantius,
1522 1877 1578 1922 in
1619 1874 1839 1942 epitome

395 2019 397 2021 q
467 1951 532 1999 de
560 1954 778 2019 piscium
808 1955 1206 2023 proprietatibus
1235 1975 1247 2003 t
1287 1956 1503 2004 Romani
1542 1968 1661 2002 vero
1695 1951 1844 2018 aqui-

469 2022 732 2094 penserem
759 2070 772 2090 ‚
815 2033 884 2081 ob
918 2050 1045 2099 quas
1078 2034 1175 2099 ipsi
1210 2033 1473 2099 tradidere.
1500 2028 1683 2079 causas.
1725 2030 1849 2082 Cot·-¹

470 2106 637 2156 helius
670 2110 836 2174 Nepos
867 2114 928 2156 'et
958 2109 1231 2167 Laberius,
1261 2119 1410 2173 poeta
1431 2143 1444 2166 ,
1465 2106 1638 2152 *ambo
1659 2108 1844 2150 ‘Roma-

472 2185 552 2245 ni,
586 2186 737 2231 aiunt
761 2188 1007 2249 Optatam
1041 2185 1329 2251 quendam,
1371 2181 1650 2246 Carpathiae
1683 2179 1846 2226 classis

401 2309 405 2312 .
474 2259 805 2320 nauclerum,
831 2261 1043 2309 Claudio
1070 2264 1379 2326 imperante,
1404 2259 1572 2324 elopes
1599 2274 1659 2303 ex
1684 2255 1847 2302 infero

474 2338 602 2385 mari
617 2336 884 2399 adtulisse,
909 2347 1064 2406 atque
1076 2339 1210 2386 inter
1224 2338 1453 2386 Ostiense
1466 2345 1515 2383 'et
1530 2337 1846 2399 Campanum

477 2428 618 2463 mare
634 2415 880 2482 sparsisse.
908 2420 1020 2465 Haec
1038 2417 1109 2466 de
1121 2418 1269 2483 pisce.

541 2493 621 2551 64.
655 2495 1017 2544 Revertebatur
1038 2503 1210 2544 autem
1235 2494 1528 2562 Cappadox,
1558 2508 1648 2539 seu
1666 2489 1847 2538 refere-

474 2570 627 2619 Batm·
652 2574 854 2640 potius,
894 2575 1023 2623 serie
1050 2562 1338 2640 puellarum
1372 2573 1619 2636 utrinque
1649 2570 1849 2616 comita-

478 2706 635 2740 mutato
652 2706 792 2741 tamen
815 2702 987 2754 piscium
1014 2702 1202 2754 nomine3
1226 2702 1271 2741 in
1301 2716 1348 2741 eo
1367 2700 1476 2741 enim
1495 2697 1598 2739 scari
1618 2702 1743 2744 sunt,
1765 2708 1847 2734 non

480 2763 740 2819 acipenseres.

536 2831 584 2882 7)
612 2828 711 2869 Cod.
730 2833 851 2868 οἰκίον.

534 2890 578 2943 8)
607 2892 707 2932 cod.
729 2910 853 2932 ανανα.

1538 2952 1650 3009 34²
