2748 3834
950 456 1066 506 xliv
1389 469 1791 507 communi-,4111
1804 469 1868 503 us

780 575 847 603 xx.
1017 568 1140 615 XX.
1177 564 1408 613 Tertium
1437 563 1774 626 fragmentum
1801 560 1921 610 libri
1951 559 2013 608 de
2045 561 2298 619 Ostentis,

703 630 929 713 ,ΐζζῗῗπῗιῗζ
950 653 1102 716 idque
1125 667 1279 715 graece
1305 646 1586 710 ineditum,
1615 649 1988 696 Kalendarium
2012 653 2085 695 est
2100 683 2114 710 ‚
2139 645 2201 694 de
2224 662 2296 695 re-

950 754 1089 789 cessu
1113 734 1592 798 reversionibusque
1618 734 1839 785 siderum
1865 770 1878 795 ‚
1908 734 1986 784 illi
2014 750 2121 783 non
2150 732 2297 782 dissi-

947 816 1093 889 mile,
1118 824 1254 891 quod
1274 821 1452 874 Ovidii
1476 822 1637 872 Fastis
1661 822 1849 890 praefigi
1868 822 2009 873 solet.
2033 820 2095 871 Id
2113 820 2296 870 Kalen-

947 914 1143 964 darium
1170 915 1445 977 subjecerat
1471 909 1648 975 Lydus
1666 920 1895 963 extremo
1915 929 2007 962 suo
2027 910 2159 960 libro
2181 927 2190 959 :
2214 916 2294 958 ut-

946 1023 1044 1069 que
1068 1003 1328 1068 fulgurum
1348 1000 1658 1050 notationem
1679 1021 1743 1052 ex
1762 1002 1972 1067 Nigidio
1992 999 2174 1066 Figulo
2191 1037 2204 1062 ‚
2225 999 2295 1047 ita

945 1093 1202 1140 stellarum
1222 1108 1288 1140 ex
1314 1088 1526 1138 Claudio
1552 1091 1722 1145 Tusco
1755 1092 1844 1140 illo
1870 1090 2080 1153 sumsit,
2127 1088 2218 1152 qui
2265 1104 2294 1135 a

945 1181 1126 1230 Servio
1168 1179 1230 1228 ad
1272 1177 1475 1228 AEneid.
1522 1194 1605 1226 ΧΠ
1628 1216 1643 1243 ,
1676 1179 1771 1244 647
1790 1218 1803 1243 ‚
1853 1179 1970 1228 edit.
2013 1160 2291 1227 Burmami.

944 1271 1092 1317 Tom.
1134 1269 1236 1317 IV.
1252 1267 1625 1317 Amstelaedam.
1664 1270 1806 1333 1746.
1840 1270 1886 1318 4.
1918 1284 2028 1332 pag.
2053 1267 2142 1331 75,
2180 1265 2292 1313 Clo-

946 1357 1058 1406 dius
1108 1359 1307 1406 Tuscus
1351 1357 1658 1406 nominatur.
1709 1357 2075 1407 Kalendarium
2116 1354 2293 1403 inscri-

945 1446 1082 1494 bitur
1106 1446 1178 1494 Sic
1210 1465 1219 1492 :
1257 1438 1465 1510 Εφήμερος
1499 1453 1568 1492 τοῦ
1600 1427 1745 1498 -ιταντὸς
1771 1450 1946 1492 ἐνιαυτοῦ
1964 1445 2177 1505 βσημείωσις
2215 1445 2295 1488 ἐπι-

944 1538 1064 1582 τολῶν
1099 1555 1139 1581 τε
1176 1538 1238 1581 καὶ
1258 1536 1414 1597 δυσμῶν
1452 1543 1527 1581 τῶν
1565 1538 1603 1581 ἐν
1641 1540 1792 1599 οὐρανῷ
1830 1538 2065 1598 φαινομένων
2084 1569 2098 1589 ,
2145 1534 2188 1576 ἐκ
2218 1538 2294 1577 τῶν

946 1625 1143 1671 Κλαυδίου
1167 1631 1236 1671 τοῦ
1259 1628 1469 1683 Θούοοιον,
1498 1626 1593 1671 καθ’
1611 1628 1807 1688 ἑρμηνείαν
1829 1627 1926 1687 πρὸς
1944 1623 2059 1675 λέξιν.
2080 1619 2294 1684 Incipit:

948 1701 1184 1778 Ῐανουοίριος.
1199 1704 1251 1761 A.
1271 1699 1310 1761 Ο
1329 1717 1433 1764 ἥλιος
1456 1715 1636 1774 ὑψοῦται·
1651 1711 1751 1760 des.
1768 1713 1823 1760 in
1842 1711 2025 1759 ultimo
2042 1709 2162 1758 anni
2188 1707 2294 1764 die,

946 1806 1088 1865 κρυφιά
1112 1808 1260 1865 ταραχὴ
1282 1806 1346 1846 καὶ
1370 1802 1584 1860 ἀνεμώὸης·
1607 1807 1769 1862 ἄρχεται
1793 1803 1961 1859 ἀνίσχειν
1986 1799 2049 1844 ὅὸε
2078 1795 2144 1858 (f.
2163 1803 2199 1854 ὅ,
2219 1794 2294 1859 τε)

948 1880 1076 1951 δελφὶν
1097 1892 1160 1935 καὶ
1184 1891 1324 1938 ὁῆλιος
1337 1923 1349 1947 ,
1374 1890 1425 1937 εἰς
1443 1889 1555 1945 ὕψος.
1575 1884 1736 1947 quue
1757 1884 2121 1931 Kalendarium
2140 1900 2297 1946 graece

946 1976 1153 2039 quidem
1178 1973 1428 2021 ineditum
1451 1979 1524 2017 est
1539 2007 1552 2032 ,
1579 1978 1635 2017 ut
1654 1970 1766 2018 dixi
1788 1989 1800 2017 :
1824 1970 2003 2032 latine,
2023 1987 2051 2016 a
2070 1970 2293 2019 Leonico

947 2062 1193 2108 Thomaeo
1233 2058 1556 2119 translatum,
1597 2075 1725 2121 saepe
1757 2056 2023 2120 vulgatum
2055 2063 2143 2104 est.
2183 2056 2296 2105 Pri·

946 2165 1090 2196 mum
1119 2164 1185 2196 ex
1217 2146 1415 2194 officina
1445 2146 1692 2209 Hervagii
1719 2144 1781 2192 ad
1812 2144 1996 2192 calcem
2027 2145 2057 2191 J
2062 2144 2154 2192 ulii
2179 2145 2295 2192 Fir-

946 2235 1066 2283 mici
1094 2241 1244 2296 atque
1269 2232 1637 2312 Quadripartiii
1657 2233 1919 2280 Ptolemaei
1943 2232 2098 2279 latine
2126 2231 2262 2280 versi
2278 2248 2318 2293 ,‘
2407 2251 2410 2253 ·

945 2322 1175 2383 Basileae‚
1202 2321 1343 2370 1555.
1371 2320 1480 2368 Fol.
1503 2337 1609 2384 pag.
1636 2338 1783 2386 79-—
1800 2320 1892 2378 84,
1926 2321 2020 2368 sub
2044 2320 2194 2368 titulo
2220 2321 2294 2367 Gt.

945 2413 1207 2461 Ptolemaei
1232 2410 1251 2475 (
1264 2409 1371 2472 sic)
1399 2412 1724 2464 inerrantium
1753 2412 2009 2456 stellarum
2050 2410 2294 2472 signfica-

946 2504 1114 2548 tiones.
1146 2498 1401 2547 Posterius
1437 2498 1492 2545 in
1526 2497 1835 2561 Uranologio
1873 2497 2026 2545 Dion.
2062 2497 2292 2559 Petavii‚

946 2586 1112 2638 Lutet.
1140 2587 1293 2637 Paris.
1323 2586 1467 2635 1650.
1487 2585 1598 2633 Fol.
1623 2602 1731 2649 pag.
1761 2602 1823 2651 92
1852 2612 1923 2620 —
1947 2602 2056 2634 101.
2089 2568 2293 2633 Postie-

946 2694 1088 2726 mum
1106 2678 1161 2724 in
1183 2693 1319 2725 nova
1342 2674 1562 2723 editione
1591 2675 1850 2722 Doctrinae
1877 2681 2163 2738 temporum
2192 2674 2292 2721 Pe-

947 2767 1187 2829 tavianae,
1230 2765 1381 2814 Tom.
1429 2763 1531 2812 III.
1575 2762 1825 2827 Antverp.
1872 2764 2014 2827 1705.
2044 2762 2153 2811 Fol.
2186 2776 2297 2826 pag.
