2748 3834
398 586 407 605 Ι

816 526 894 560 nn
934 524 1180 561 son-zm:
1222 522 1415 558 ωτοο.
1629 505 1802 570 lxxvij

444 628 504 669 'ut
525 621 580 670 in
600 620 846 683 ejusmodi
868 620 1199 685 quantumvis
1223 626 1504 685 expurgato
1523 635 1676 682 opere
1697 636 1803 668 non

446 710 614 773 aliqua
634 710 852 774 supersit
881 709 1078 757 macula
1102 726 1112 755 :
1136 706 1247 769 sed,
1286 706 1423 771 quod
1450 723 1557 755 rem
1575 705 1807 755 difficilli-

446 816 581 847 mam
608 800 849 862 suscepit,
881 797 1122 862 quodque
1139 797 1210 845 sic
1232 794 1469 862 perfecit,
1507 794 1617 844 laus
1638 812 1806 861 perpe·

448 892 537 936 tua
555 885 838 935 tribuenda.

516 1063 784 1112 XXXVI.
822 1064 987 1126 Quid,
1024 1064 1162 1130 quod
1189 1066 1295 1130 ipse
1317 1064 1513 1128 editor,
1550 1066 1679 1115 sicut
1698 1070 1808 1113 tex·
1864 1075 2027 1106 xxxv·

1827 1129 1929 1159 Editio
1940 1125 2013 1157 libri
2024 1125 2062 1154 de

450 1158 562 1200 tum
584 1155 837 1217 corrigens
853 1173 953 1202 non
975 1155 1127 1221 semel
1143 1173 1340 1203 mecum
1356 1155 1656 1211 amicissime
1675 1170 1806 1202 com·
1848 1177 1981 1207 oneum
2007 1185 2044 1204 ex

1830 1228 1936 1257 eodem
1949 1225 2064 1253 Codice

453 1242 738 1290 manicavit
755 1280 768 1305 ,
806 1243 874 1290 ita
897 1243 1141 1307 impresso
1162 1261 1299 1292 nunc
1321 1260 1499 1307 opere,
1523 1251 1580 1291 ut
1604 1241 1666 1291 de
1684 1259 1809 1291 non·
1866 1274 2024 1315 ,mm

451 1330 609 1379 nullis
632 1332 876 1395 suspectis
907 1331 1034 1380 mihi
1058 1332 1181 1380 locis
1201 1350 1314 1395 qua⁴
1343 1331 1637 1380 viderentur
1657 1330 1811 1380 disse-

387 1426 390 1428 ’
453 1435 617 1468 rerem
634 1414 653 1479 ‚¹
670 1437 749 1468 me
770 1421 982 1485 rogavit.
1004 1421 1159 1484 Cujus
1175 1421 1404 1470 amicitiae
1422 1420 1679 1485 gessissem
1696 1436 1815 1468 sane

454 1525 675 1569 morem,
719 1509 1130 1574 suspicionesque
1154 1510 1236 1558 hic
1258 1527 1390 1558 meas
1425 1509 1619 1572 aliquot
1641 1507 1815 1567 adjun-

456 1597 645 1646 xissem
668 1613 678 1644 :
700 1596 784 1644 sed
807 1615 863 1644 ea
878 1597 963 1646 hic
984 1599 1217 1662 persequi
1238 1616 1338 1645 non
1361 1596 1529 1645 mimis
1549 1613 1628 1644 me
1655 1596 1819 1645 vetuit

456 1684 611 1748 hujus
634 1670 1072 1736 commentationis
1096 1688 1387 1736 institutum
1403 1724 1418 1745 ,
1444 1702 1594 1751 quam
1622 1685 1819 1748 religio,

457 1791 522 1823 ne
547 1774 678 1847 ‘libri
710 1774 772 1822 de
803 1776 1180 1838 Magistratib'us
1197 1775 1366 1824 editio.
1395 1793 1483 1839 per
1517 1792 1598 1823 me
1622 1774 1821 1838 longius

458 1863 703 1912 trahatur.
723 1863 895 1922 Quare
912 1879 1232 1925 quaecunque
1252 1872 1524 1926 supersunt
1544 1862 1819 1927 ejusmodi,

457 1967 674 2015 quaeque
711 1957 1009 1997 annotaram
1045 1949 1109 1996 de
1144 1949 1348 2011 ingenio
1384 1935 1552 2013 Lydi,
1602 1951 1667 1999 de
1704 1950 1822 1999 son-

455 2039 624 2098 tibus,
666 2035 728 2085 de
764 2028 1048 2101 graecitate,
1096 2035 1160 2084 de
1193 2035 1478 2087 eruditione
1501 2038 1683 2105 Latina
1718 2057 1729 2085 :
1765 2055 1822 2086 ea

457 2127 593 2177 notis
630 2127 685 2175 in
724 2126 913 2175 librum
948 2124 1011 2172 de
1044 2124 1271 2173 Ostentis
1314 2125 1619 2176 reservanda
1671 2110 1819 2174 duco.

461 2216 627 2264 Statui
653 2216 814 2278 enim,
862 2214 922 2262 ad
956 2213 1100 2261 istius
1136 2212 1253 2260 libri
1287 2212 1561 2264 editionem
1593 2215 1824 2263 animum

462 2303 692 2354 conferre
726 2323 736 2352 :
777 2300 1193 2369 quandoquidem
1229 2302 1528 2353 Graecorum
1572 2321 1638 2353 ex
1677 2303 1824 2352 Italia

462 2393 613 2442 nobis
641 2393 911 2442 allatorum
942 2390 1173 2440 codicum
1191 2428 1205 2454 ,
1245 2392 1433 2455 quibus
1464 2393 1724 2458 impertivi
1746 2393 1824 2441 in-

460 2490 598 2548 tegra
635 2482 823 2531 horum
859 2498 1112 2531 annorum
1152 2480 1348 2543 studia,
1394 2500 1536 2546 paene
1571 2477 1823 2531 adfinem

462 2569 667 2622 adducti
683 2572 893 2637 catalogi
916 2579 1036 2621 sunt
1055 2589 1065 2619 :
1092 2588 1308 2636 sumque
1327 2572 1566 2634 solutior,
1599 2591 1654 2621 ea
1673 2589 1823 2637 opera

460 2661 748 2726 profligata,
765 2660 938 2710 factus.
955 2659 1179 2722 Accedit,
1201 2669 1257 2709 ut
1275 2679 1375 2726 qua
1397 2662 1638 2726 singulari
1654 2663 1824 2710 libera-

465 2746 604 2797 litate
627 2750 709 2797 vir
726 2749 938 2797 illustris
973 2748 1035 2797 de
1055 2749 1293 2798 Choiseul
1326 2767 1455 2814 opus
1474 2750 1536 2798 de
1558 2750 1824 2812 Magistra-

471 2835 608 2885 tibus
626 2853 719 2886 suo
739 2837 1000 2901 impendio
1019 2855 1046 2886 e
1066 2840 1286 2887 tenebris
1306 2841 1362 2888 in
1376 2840 1546 2889 lucem
1560 2837 1822 2903 evocavit,
