2748 3834
888 517 970 551 nn
1002 513 1240 551 sonum
1277 510 1470 546 LYno.
1789 487 1862 550 vij

494 612 685 667 'norum
719 612 1005 665 officiorum
1033 614 1243 663 honeste
1268 600 1865 670 decursorum-praemio,

496 704 795 758 hominibus
813 705 940 753 bene
956 701 1173 762 meritis,
1187 717 1247 749 ac
1265 695 1534 749 veteranis.
1549 691 1650 744 Sed
1665 690 1859 758 Lydus,

496 811 613 846 cum
645 795 779 844 circa
808 792 850 841 α.
878 789 1072 840 Christi
1098 788 1187 837 551
1231 804 1291 836 eo
1331 785 1641 845 emersisset,
1678 790 1862 847 praeter

491 876 637 948 spem
651 880 823 930 amisit
843 886 1011 929 totum
1038 876 1171 926 illud
1188 912 1203 939 ,
1226 873 1366 940 quod
1390 879 1498 922 erat
1527 886 1619 936 spe
1650 868 1860 919 devora-

488 979 629 1029 tum,
650 967 1052 1020 cornicularium
1072 967 1294 1016 lucrum.
1316 961 1508 1013 Incidit
1524 960 1662 1009 enim
1684 959 1741 1007 in
1763 958 1860 1006 mi-

489 1059 760 1109 serabilem
785 1058 1108 1109 eversionem
1126 1055 1439 1116 officiorum,
1476 1050 1860 1112 maximamque

486 1150 926 1216 perturbationem
969 1146 1252 1220 disciplinae
1289 1143 1506 1206 veteris,
1555 1158 1613 1190 ac
1633 1138 1856 1188 diminu-

485 1241 681 1290 tionem
723 1239 1053 1305 vectigalium
1086 1254 1099 1286 τ
1134 1255 1195 1286 eo
1230 1251 1416 1300 usque,
1468 1240 1526 1282 ut
1560 1248 1680 1281 cum
1713 1236 1859 1279 antea

482 1322 869 1379 cornicularius
899 1345 995 1378 suo
1018 1344 1154 1377 anno
1174 1344 1241 1376 ex
1261 1326 1368 1376 sola
1390 1332 1622 1374 actorum
1642 1320 1859 1371 subscri·

482 1418 662 1482 ptione
701 1427 902 1485 caperet
941 1437 1049 1469 non
1080 1419 1256 1468 minus
1288 1418 1367 1467 Μ.
1403 1414 1594 1466 solidos
1616 1451 1631 1477 ‚
1673 1410 1855 1478 Lydus

484 1506 754 1557 confirmet
785 1523 864 1556 111.
894 1509 975 1558 25.
1009 1526 1122 1575 pag.
1152 1514 1262 1575 192.
1289 1525 1341 1556 se
1361 1506 1496 1556 nihil
1521 1511 1636 1570 post
1656 1503 1855 1552 diutur-

483 1609 580 1643 nos
611 1595 809 1647 labores
838 1615 994 1664 quam
1031 1616 1226 1649 vanum
1252 1613 1445 1647 nomen
1481 1595 1813 1644 consecutum
1837 1607 1849 1639 t

481 1699 651 1750 neque
669 1703 699 1735 a
714 1687 980 1753 Principe,
1000 1707 1170 1752 neque
1185 1705 1253 1737 ex
1270 1685 1701 1750 completionibus
1717 1687 1851 1746 (quae

479 1783 625 1824 erant
641 1792 756 1842 pars
771 1777 1014 1841 stipendii
1032 1775 1400 1826 Corniculariis
1414 1771 1704 1835 constituti)
1717 1787 1848 1827 acce·

478 1865 614 1929 pisse
636 1879 859 1912 numum
886 1864 1054 1912 ullum
1083 1881 1094 1912 :
1121 1862 1343 1926 denique
1375 1878 1583 1911 omnem
1605 1861 1712 1910 fere
1731 1861 1848 1910 vitae

476 1951 758 2016 superioris
803 1949 1042 2001 fructum
1081 1935 1393 2016 perdidisse-¹
1426 1950 1507 1999 Ita
1552 1951 1746 2000 librum
1781 1950 1848 1999 de

399 2048 402 2050 ’
477 2043 863 2109 Magistratibus
883 2039 1186 2110 conscripsit
1205 2056 1409 2094 summo
1424 2043 1846 2116 cumstomach0,

473 2140 628 2198 atque
656 2134 924 2184 iracundia
948 2133 1275 2198 incredibili,
1318 2133 1644 2198 querelisque
1679 2141 1846 2182 totum

472 2222 672 2273 refersit
693 2245 704 2273 ι
722 2224 831 2293 vid.
854 2240 933 2274 111.
954 2242 1029 2275 12.
1048 2242 1155 2291 pag.
1172 2224 1282 2274 168.
1303 2225 1388 2288 14,
1426 2242 1535 2290 pag.
1557 2240 1648 2289 172
1667 2231 1716 2272 et
1735 2225 1846 2288 174.

471 2310 587 2361 Nec
605 2311 675 2362 ita
699 2314 921 2364 multum
943 2313 1152 2364 videtur
1175 2313 1345 2364 luctus
1370 2313 1570 2363 levatus
1599 2329 1706 2362 esse
1737 2313 1844 2377 ejus

471 2399 566 2451 illo
610 2403 818 2465 solatio,
857 2404 1026 2470 quod,
1064 2405 1107 2454 si
1147 2403 1319 2455 minus
1360 2402 1644 2470 stipendio,
1683 2404 1843 2469 gloria

473 2499 607 2541 certe
627 2510 684 2542 ac
702 2494 854 2545 laude
879 2504 1058 2546 auctus
1082 2503 1157 2545 est
1181 2515 1191 2543 :
1221 2513 1341 2545 cum
1370 2511 1399 2544 a
1421 2492 1627 2559 collegis
1652 2492 1842 2543 officio-

470 2595 588 2629 rum
621 2596 696 2630 111.
722 2599 803 2649 27.
840 2602 948 2651 pag.
980 2584 1076 2653 196
1102 2585 1219 2635 ima.
1247 2586 1326 2636 50.
1363 2601 1474 2651 pag.
1518 2601 1630 2633 200.
1663 2590 1777 2633 tum
1812 2601 1840 2632 a

470 2666 754 2734 Praefectis,
804 2673 1031 2740 ipsisque
1065 2674 1472 2741 Imperatoribus
1498 2693 1507 2722 :
1535 2673 1692 2739 idque
1722 2690 1835 2722 ma-

472 2755 613 2805 xime
642 2758 855 2830 duobus*
876 2762 1090 2814 decretis
1116 2782 1125 2812 :
1154 2764 1315 2813 altero
1339 2762 1648 2829 pragmatico
1677 2761 1709 2808 J
1714 2759 1833 2808 usti-

471 2842 626 2893 niani.
650 2861 727 2895 111.
754 2865 831 2915 29.
866 2869 976 2918 pag.
1004 2855 1115 2920 198.
1144 2870 1248 2917 quo
1275 2851 1546 2902 extollitur
1561 2848 1716 2913 ‘Lydi
1746 2846 1832 2895 do-
