2748 3834
643 528 1022 563 nmpunmcn·
1058 529 1320 563 ROMANAE
1354 532 1775 567 Lln.11.121

418 615 573 649 mone
596 617 730 649 onus
750 609 972 648 vocatur.
1001 602 1252 648 Hactenus
1275 604 1337 648 de
1367 605 1497 655 hoc·
1518 605 1607 655 ad
1596 622 1782 677 propo.

420 680 577 727 situm
611 688 937 727 revertamur.

496 775 513 805 1
526 757 570 808 5.
588 761 689 807 Lex
703 767 830 818 erat,
854 757 1070 823 (etenim
1096 773 1264 824 nuper
1283 757 1516 824 interiit)
1535 769 1596 809 ut
1618 764 1715 828 qui
1729 765 1784 814 in

420 838 699 905 provinciis
731 852 903 886 causas
919 836 1167 897 dicerent,
1195 853 1225 885 a
1254 839 1517 887 sententiis
1535 842 1788 906 magistra-

421 928 505 966 tus
522 926 636 983 post
650 914 1038 982 adpellationem
1056 916 1240 963 iterum
1262 932 1342 964 eas
1354 952 1368 976 ,
1392 918 1525 965 intra
1542 921 1792 984 praestitu·

422 1006 536 1045 tum
556 1002 786 1060 tempus,
809 993 953 1058 juxta
978 993 1136 1059 legem
1163 993 1225 1042 de
1246 993 1699 1061 adpellationibus,
1724 998 1787 1047 ad

420 1074 769 1139 magistratum
792 1073 1077 1133 mitterent3
1113 1074 1205 1139 qui
1226 1083 1395 1122 autem
1412 1075 1467 1123 in
1484 1074 1790 1126 archaeoticis

422 1151 722 1211 dicasteriis‚
737 1150 801 1199 ab
818 1149 1004 1198 horum
1027 1153 1292 1224 sententiis
1314 1152 1378 1200 ad
1407 1154 1788 1220 imperatorem=

423 1240 475 1280 et
498 1228 592 1278 illae
619 1229 828 1295 quidem
848 1228 1170 1295 temporales,
1191 1229 1241 1278 id
1263 1240 1336 1278 est
1350 1267 1363 1290 ,
1383 1231 1516 1279 intra
1540 1242 1788 1282 statutum

423 1318 628 1374 tempus
655 1307 986 1373 transigendae
1002 1345 1015 1368 ‚
1041 1308 1209 1357 vocari
1235 1307 1487 1369 solebant3
1520 1309 1791 1360 hae-autem

422 1402 569 1436 sacrae
579 1422 599 1446 ,
613 1386 666 1434 id
678 1396 774 1446 est,
791 1385 996 1445 divinae3
1010 1386 1152 1451 quia,
1172 1395 1231 1433 ut
1245 1384 1378 1446 dixi,
1391 1386 1455 1435 ad
1476 1387 1792 1453 imperatoris

422 1465 734 1515 audientiam
758 1475 872 1531 post
896 1464 1285 1530 adpellationem
1311 1464 1644 1514 mittebantur
1668 1487 1678 1513 ε
1713 1483 1792 1515 res

424 1560 622 1592 summa
673 1543 827 1609 digna
868 1543 1203 1592 admiratione
1232 1579 1246 1602 ‚
1301 1554 1353 1592 et
1383 1542 1793 1593 fortunatissima}
1847 1534 1856 1540 ⁴

424 1624 714 1691 reipublicae
731 1624 997 1691 indicium.
1022 1627 1302 1690 Imperator
1324 1611 1670 1675 Roma‘norum
1694 1625 1792 1673 hu-

423 1704 560 1753 milis
575 1703 764 1768 judicis
785 1719 977 1752 munus
1005 1701 1206 1762 subire,
1232 1702 1438 1764 etlites,
1460 1703 1540 1752 vel
1551 1700 1791 1752 ‘minutis-

421 1784 549 1831 sima
565 1780 694 1830 forte
712 1783 766 1830 in
784 1799 838 1830 re
851 1818 864 1842 ‚
883 1781 1234 1846 judicare'non
1253 1781 1535 1841 recusabat3
1554 1780 1792 1848 quemad-

422 1861 637 1910 modum
657 1860 1093 1909 mansuetissimus
1121 1868 1294 1907 noster
1325 1860 1600 1925 imperator
1621 1875 1793 1908 amore

424 1942 480 1989 in
505 1941 665 2000 cives}
685 1938 918 2004 quamvis
948 1936 1236 2002 plurimum
1271 1935 1448 1985 contra
1481 1937 1647 1995 hostes
1675 1939 1795 2003 vigi·

422 2018 534 2071 lans
547 2053 560 2077 ‚
585 2016 650 2074 ad
671 2015 897 2081 pericula
924 2030 1020 2078 pro
1056 2013 1207 2060 nobis
1244 2014 1512 2062 subeunda
1547 2017 1794 2065 intentus.

420 2095 628 2153 Utinam
658 2091 1073 2160 periculosiorem
1094 2090 1244 2139 nobis
1273 2082 1451 2157 pacem
1487 2109 1595 2140 non
1621 2092 1798 2140 reddat

421 2172 674 2241 populus,
714 2170 951 2219 fatalibus
983 2169 1248 2218 discordiis
1288 2169 1550 2229 incensus,
1577 2166 1645 2217 ob
1672 2186 1798 2235 quas

425 2252 588 2315 major
602 2267 663 2298 ex
680 2250 854 2297 aerario
880 2257 1082 2296 sumtus
1101 2247 1166 2295 ad
1185 2247 1766 2312 pacemcustodiendam
1781 2281 1796 2306 ‚

425 2346 583 2397 quam
604 2329 670 2377 ad
694 2327 862 2376 hostes
894 2325 1175 2375 domandos
1192 2332 1441 2401 erogatur.
1462 2325 1587 2374 Inde
1600 2326 1798 2391 impen-

422 2410 600 2458 sorum
616 2443 630 2468 ,
655 2423 769 2473 quae
789 2420 922 2454 nova
937 2413 1215 2463 vocantur,
1246 2405 1415 2469 origo,
1439 2413 1489 2451 et
1513 2419 1686 2451 rerum
1711 2419 1796 2451 ne·

423 2487 749 2536 cessariarum
764 2484 1021 2550 angustiae.
1045 2485 1171 2533 Nam
1191 2483 1234 2531 si
1257 2483 1452 2548 priores
1472 2483 1798 2548 imperatores

427 2567 610 2623 inertia
648 2564 798 2630 fregit
816 2599 830 2623 ,
859 2580 965 2629 quo
999 2561 1206 2616 tandem
1238 2561 1391 2611 modo
1423 2562 1512 2612 hic
1540 2563 1764 2627 quiescat
1783 2594 1798 2621 ,

430 2660 584 2709 quem
601 2680 615 2704 ‚
639 2643 704 2692 ad
738 2643 895 2693 vitam
923 2640 1305 2691 sustentandam
1329 2657 1395 2688 ne
1421 2641 1552 2711 sicco
1585 2638 1796 2705 quidem

431 2736 564 2788 pane
595 2721 660 2769 ad
685 2722 960 2770 satietatem
982 2729 1300 2780 vescentem,
1330 2734 1548 2769 ‚somnus
1582 2717 1797 2767 omnino

434 2813 541 2846 non
557 2798 772 2846 relaxet?

510 2874 584 2933 16.
608 2878 719 2924 Haec
736 2877 893 2941 igitur
914 2874 1230 2944 consuetudo
1246 2891 1363 2924 cum
1379 2875 1484 2938 jam
1503 2882 1649 2921 antea
1671 2869 1795 2917 mol·

1533 2966 1550 2994 1
1561 2951 1591 2994 6
