2748 3834
611 525 998 560 ntirurmcn
1031 524 1300 558 nomint
1328 526 1438 560 un.
1473 528 1533 559 ιι.
1656 509 1748 562 125

454 614 532 664 ¹⁷·
566 600 734 663 Atque
761 599 856 645 hac
874 593 1160 645 veneranda
1190 604 1395 661 tamque
1410 600 1591 652 decora
1607 603 1750 654 insti.

381 681 581 729 tutione
616 677 840 737 sublata,
883 677 1079 743 quippe
1102 676 1400 741 magistratu
1427 678 1509 727 vel
1536 685 1751 746 omnino

380 775 446 808 ne
468 758 742 824 adparente
766 754 977 823 quidem
993 755 1047 803 in
1073 754 1348 816 tribunali,
1371 756 1451 806 vel
1467 759 1750 812 secundum

380 835 511 903 leges
530 835 860 902 Cappadocis,
882 833 977 895 (de
996 848 1102 899 quo
1114 843 1230 902 post
1248 833 1481 885 dicturus
1498 853 1611 887 sum
1628 838 1675 904 ‚·)
1696 840 1751 889 in

379 914 619 964 cubiculo
649 912 872 980 quodam
906 910 1093 960 latente
1111 947 1129 973 ,
1161 928 1313 962 nemo
1343 931 1499 980 porro
1521 919 1752 983 egregius
1831 974 1833 978 .

380 997 460 1046 vir
485 994 550 1043 ad
570 991 802 1042 officium
824 994 1055 1052 accessit,
1087 991 1212 1041 adeo
1249 992 1501 1059 abjectum
1520 1031 1535 1056 ‚
1569 1011 1627 1043 ac
1661 996 1751 1045 de-

378 1073 534 1149 decus
555 1062 730 1139 potius
753 1089 909 1138 quam
944 1071 1193 1121 honorem
1221 1073 1478 1123 accedenti
1501 1073 1746 1125 adferens.

378 1150 556 1220 Itaque
585 1161 768 1200 cuncta
804 1149 959 1198 simul
993 1166 1256 1212 corruere3
1286 1151 1609 1220 elevatusque
1648 1170 1752 1220 prae

379 1230 624 1281 omnibus
650 1232 850 1297 primus
866 1239 1021 1295 atque
1043 1221 1479 1281 eminentissimus
1497 1234 1751 1298 magistra-

379 1299 531 1359 tuum
548 1345 563 1369 ,
593 1324 909 1376 quocunque
942 1318 1170 1375 tempore
1200 1309 1256 1358 in
1286 1307 1454 1358 aulam
1489 1309 1631 1359 nulla
1660 1311 1748 1361 oh-

377 1372 931 1443 servantia-'arcessitus
967 1397 1042 1436 est
1065 1424 1080 1447 ,
1112 1388 1205 1453 qui
1244 1395 1391 1436 antea
1437 1403 1707 1454 nunquam
1734 1426 1748 1451 ,

378 1467 480 1515 nisi
514 1468 570 1514 in
611 1466 849 1526 silentiis,
882 1483 994 1532 quae
1029 1476 1243 1527 vocant,
1273 1475 1380 1515 toto
1411 1478 1750 1532 praecurrente

378 1555 583 1605 senatu,
612 1547 668 1592 in
705 1544 821 1593 aula
847 1544 1145 1611 adparebat,
1173 1546 1486 1611 (postremus
1513 1548 1751 1609 omnium

294 1628 303 1637 “
378 1625 766 1690 magistratuum
791 1659 806 1684 ,
841 1634 903 1672 ut
945 1639 1099 1692 supra
1127 1621 1395 1683 uiximus,
1433 1611 1751 1690 ingrediens,

377 1703 683 1769 primusque
711 1701 1000 1769 egrediens,
1037 1698 1550 1768 imperatoris-effigie
1593 1705 1754 1769 ipsius

373 1780 488 1830 loco
521 1780 844 1846 comitatus,)
875 1796 1025 1829 mane
1046 1779 1498 1846 inde-imperatore
1523 1781 1753 1847 primum

373 1859 773 1909 silentiariorum
811 1857 1221 1924 (admissionalis
1256 1858 1499 1923 vocatur.)
1537 1858 1606 1907 ad
1632 1874 1752 1908 eum

376 1940 641 1998 mittente,
671 1938 765 2003 qui
799 1935 940 1984 flexis
963 1934 1182 2003 genibus
1214 1951 1365 1996 eum,
1389 1930 1459 1984 'ut
1494 1937 1556 1984 rin
1581 1936 1750 1993 aulam

297 2047 300 2050 -
348 2033 350 2035 ’
374 2013 900 2074 νοηίεε.ι,,ἰηνὶῐ31)αι;
924 2012 1010 2060 ille
1033 2022 1205 2060 autem
1225 2014 1335 2071 vix,
1357 2023 1408 2061 et
1437 2012 1581 2076 quod
1607 2030 1751 2063 vexa-

371 2093 566 2142 tionem
589 2107 643 2140 se
663 2090 930 2158 indignam
941 2089 1168 2157 -putabat
1177 2126 1192 2150 ‚
1206 2083 1540 2146 2mo'vebatur4

446 2171 521 2221 18.
557 2175 727 2220 Restat
758 2180 819 2219 ut
849 2170 923 2219 de
938 2168 1246 2219 officialibus
1261 2180 1516 2219 ‘accurate
1540 2171 1751 2237 explice-

373 2266 494 2298 mus
506 2286 533 2310 ,2
544 2259 674 2315 quot
696 2247 963 2314 etquihus.
979 2247 1216 2314 catalogis
1232 2248 1751 2314 comprehendantur,

303 2338 306 2340 ’
374 2326 880 2392 consuetudinesque>
905 2336 957 2376 et
993 2343 1162 2376 mores
1195 2332 1513 2378 enarremus..
1548 2328 1751 2375 Etenim

372 2420 671 2474 persuasum
717 2405 927 2467 habeo„
948 2406 1056 2471 jam
1093 2422 1165 2454 ne
1203 2406 1501 2468 memoriam
1538 2405 1749 2473 quidem

372 2500 550 2534 eorum
567 2521 582 2546 ,
606 2485 700 2552 qui
717 2502 886 2552 nuper
904 2485 1219 2553 interierint,
1237 2494 1500 2551 'superesse
1521 2503 1532 2532 :
1555 2485 1751 2550 quippe

373 2579 494 2611 cum
515 2562 752 2613 homines
771 2554 966 2630 ignari,
1002 2580 1172 2629 neque
1197 2562 1365 2610 ullum
1387 2561 1573 2627 judicii
1594 2577 1747 2609 usum

374 2637 645 2703 habentes,
682 2644 744 2691 iis
769 2642 1045 2702 insultent,
1090 2659 1203 2707 quae
1222 2640 1349 2690 olim
1372 2641 1666 2707 peritissimi
1682 2654 1747 2686 ac

375 2717 710 2768 venerandam
730 2721 835 2784 jam
855 2721 919 2769 ad
938 2730 1259 2768 senectutem-
1269 2719 1495 2785 provecti
1515 2734 1634 2766 cum
1661 2733 1745 2765 vo·

379 2795 443 2842 tis
457 2795 541 2842 vix
563 2798 894 2845 tractaverint.
920 2801 1022 2845 Lex
1037 2799 1298 2845 enimerat
1315 2833 1328 2856 ,
1356 2813 1514 2861 eaque
1531 2795 1715 2859 scripta
1730 2827 1743 2850 ‚

378 2873 576 2919 nemini
613 2889 820 2939 prorsus
849 2874 913 2923 ad
944 2891 1136 2923 munus
1169 2875 1414 2938 adjutoris
1443 2870 1747 2920 adscendere.
