2748 3834
761 532 838 565 nn
870 530 1098 564 JOANNE
1134 530 1313 562 mino.
1537 511 1708 574 xxxiij

360 626 381 670 ὁ
402 628 698 690 Διακρινόμενος
717 626 966 675 duntaxat
986 631 1200 673 vocatur
1230 621 1324 686 (de
1349 638 1452 686 quo
1467 623 1713 686 scriptore

361 721 503 762 extat
542 714 688 763 docta
727 713 996 778 Lequienii
1043 711 1341 759 Dissertatio
1390 710 1445 758 in
1493 709 1710 759 Bandur.

0 825 23 843 ι
360 802 548 866 Imper.
589 803 784 851 Orient.
817 802 968 848 Tom.
1003 799 1072 847 ΙΙ-.
1102 816 1210 864 pag.
1238 795 1382 865 794.)
1403 797 1455 846 in
1479 805 1712 847 nostrum

361 888 571 954 Lydum
601 898 716 954 apte
749 887 1010 952 quadrant.

430 1066 557 1117 XV.
594 1068 774 1118 Restat
791 1075 1047 1133 postremo
1066 1068 1208 1119 locus
1229 1071 1259 1118 J
1262 1070 1439 1120 oannis
1463 1068 1713 1134 Scylitzae,
1813 1083 1880 1111 xv.

363 1154 417 1203 in
441 1173 545 1219 quo
564 1156 700 1222 Lydi
725 1158 1036 1207 mentionem
1055 1159 1166 1222 fieri
1186 1160 1424 1224 suspicati
1448 1167 1568 1208 sunt
1588 1175 1717 1207 non-
1736 1140 1967 1226 ςῒζῃῗῖζῖζζὲ,

365 1243 513 1292 nulli.
535 1245 587 1293 Is
604 1246 826 1311 Scylitza
846 1246 1110 1296 historiam
1123 1247 1329 1311 reliquit
1346 1285 1359 1310 ,
1389 1246 1609 1295 editione
1630 1246 1720 1294 du·
1782 1236 1923 1315 dsofflf'

364 1331 517 1396 plici:
538 1334 761 1398 priorem
782 1335 1039 1401 vulgatam
1065 1345 1179 1401 post
1203 1354 1242 1385 a.
1270 1334 1420 1400 1057,
1452 1353 1569 1384 cum
1596 1352 1721 1399 prae-

367 1417 525 1470 fectus
538 1430 665 1472 esset
678 1441 828 1473 sacrae
839 1425 970 1474 vesti
985 1443 994 1472 ι
1011 1425 1217 1474 alteram
1229 1425 1360 1473 circa
1377 1441 1418 1472 a.
1438 1423 1581 1485 1081,
1601 1438 1720 1471 cum

367 1517 531 1573 ageret
570 1511 743 1575 palatii
780 1530 967 1563 curam.
1011 1513 1090 1563 Ac
1127 1514 1350 1578 priorem
1383 1510 1523 1560 illam
1561 1509 1719 1559 ferme

365 1598 615 1663 integram
647 1601 823 1650 retulit
855 1603 909 1651 in
942 1601 1302 1672 compendium
1331 1595 1718 1649 suum‘histori-

370 1703 486 1735 cum
519 1705 529 1733 :
565 1687 672 1737 vid.
700 1690 883 1739 Harles
909 1691 1039 1739 Bibl.
1070 1708 1141 1754 gr.
1162 1691 1294 1739 Vol..
1311 1690 1439 1738 VII.
1459 1706 1567 1754 pag.
1594 1690 1717 1751 724:

368 1774 574 1824 alterius
595 1775 728 1826 nihil
747 1784 819 1825 est
844 1777 1012 1826 adhuc
1027 1783 1206 1826 cus'um
1225 1814 1238 1838 ‚
1283 1786 1464 1841 praeter
1483 1793 1591 1824 eam
1610 1791 1720 1839 par-

366 1870 470 1911 tem
484 1899 499 1920 ,
519 1878 634 1926 quae
657 1862 842 1926 prioris
864 1862 1102 1910 editionis
1127 1863 1565 1912 continuationem
1603 1880 1726 1912 con-

365 1949 520 2010 tinet,
545 1949 770 2011 impress.
796 1948 963 1996 Paris.
999 1947 1144 2010 1647.
1167 1948 1293 1996 .Fol.
1322 1935 1392 1995 ad
1420 1949 1726 1998 calcem'Ce-

295 2037 298 2039 ’
365 2034 524 2084 dreni.
542 2034 790 2083 Praeterea
804 2032 1236 2084 Montefalconius
1253 2034 1495 2087 Biblioth.
1517 2024 1725 2084 Goislin.

366 2124 522 2174 Paris.
563 2123 704 2187 1715.
739 2123 850 2173 Fol.
872 2140 975 2189 pag.
1011 2140 1120 2188 207.
1155 2141 1223 2173 ex
1254 2123 1375 2173 Cod.
1414 2109 1750 2173 Coisliniano'

366 2211 715 2279 praefationem
734 2213 991 2278 vulgavit,
1025 2230 1054 2262 a
1073 2213 1294 2279 Scylitza
1318 2213 1443 2262 huic
1458 2213 1602 2262 alteri
1623 2213 1725 2261 edi·

300 2326 304 2330 ’
366 2302 497 2352 tioni
516 2301 792 2366 praefixam.
825 2303 907 2351 Ibi
933 2303 1157 2368 primum
1179 2303 1538 2368 improbantur
1559 2303 1621 2351 ab
1640 2319 1726 2351 au-

369 2400 505 2442 ctore
523 2391 743 2440 Joannes
770 2391 993 2455 Siculus,
1022 2390 1249 2440 Michael
1271 2390 1470 2441 Psellus
1493 2428 1505 2454 ,
1537 2390 1752 2458 aliique-

369 2481 636 2546 scriptores
649 2481 806 2530 aetatis
829 2480 992 2543 illius,
1022 2488 1079 2530 ut
1095 2480 1278 2543 exileS,
1308 2487 1358 2528 et
1383 2477 1600 2528 infantes
1620 2515 1633 2540 ‚
1676 2486 1726 2527 et

371 2570 460 2633 qui
491 2586 568 2618 res
597 2570 800 2631 majoris
830 2570 1077 2620 momenti
1101 2570 1158 2619 in
1185 2569 1411 2618 historiis
1447 2569 1552 2616 suis
1586 2585 1720 2632 prae—

369 2657 688 2707 termiserint.
712 2659 893 2707 Postea
921 2659 1082 2724 pergit
1110 2658 1332 2723 Scylitza
1354 2656 1494 2705 hunc
1516 2657 1570 2705 in
1602 2674 1718 2705 mo-

372 2741 524 2806 dum,
559 2745 690 2794 Bibl.
718 2732 928 2795 Coislin.
961 2763 1067 2811 pag.
1103 2746 1237 2796 208:
1272 2739 1310 2794 ὁ
1349 2749 1423 2809 γὰρ
1459 2750 1718 2808 Δαφνοπάτης

373 2829 582 2894 Θεόδωρος
604 2867 619 2888 ,
655 2836 831 2886 Νικήτας
869 2838 889 2880 ὁ
920 2838 1175 2896 Παφλαγὼν,
1220 2823 1353 2894 Ῐωσὴφ
1387 2836 1404 2876 ὃ
1433 2836 1469 2877 Γ
1473 2834 1612 2889 ενέςιος
1653 2831 1716 2873 καὶ

1499 2932 1525 2962 e
