2748 3834
666 493 1046 527 nmrurmcar:
1081 492 1350 525 nomana
1385 494 1488 527 ιη.
1523 494 1555 525 ι.
1728 479 1788 545 87

410 568 526 615 ·Titi
560 568 840 633 imperium
859 602 873 625 ,
914 566 969 615 in
1005 564 1229 630 historiis
1268 566 1575 634 memoriam¹
1602 570 1792 635 reperi,

426 644 583 693 finem
596 643 729 693 libro
744 645 1019 709 imponam.
1037 645 1210 709 Neque
1226 643 1364 692 enim
1384 645 1663 696 Domitiani
1673 645 1795 700 duo.-

427 722 591 770 decim
628 721 987 788 praefectorum,
1013 719 1183 779 urbis,
1218 736 1387 785 neque
1412 737 1530 777 vero
1552 723 1798 793 Bouiani,

427 802 732 866 cognomine
750 799 1031 863 Garamum,
1062 799 1451 864 innovationum
1478 801 1794 862 mentionem

427 877 587 940 facere
603 879 743 929 volui
762 898 773 926 ε
790 895 904 944 quae
921 879 1059 927 enim
1075 894 1104 926 a
1122 879 1289 945 pravis
1303 877 1624 945 principibus
1634 878 1761 929 facta
1775 916 1797 943 ,¹

428 956 948 1023 quamvisutilissima
970 957 1074 1007 sint
1087 992 1102 1015 ‚
1133 966 1548 1008 contemnuntur.

796 1129 860 1160 ΒΕ
893 1128 1163 1161 PRAEFECTO
1196 1127 1418 1161 woltun.

746 1159 762 1179 »l

493 1252 575 1304 50.
608 1255 835 1315 Treveri,
851 1271 975 1320 gens
991 1254 1178 1317 Gallica
1193 1291 1207 1314 ‚
1235 1255 1367 1320 ripas
1383 1253 1547 1302 Rheni
1564 1251 1787 1302 accolen-

394 1333 525 1396 'tes‚
554 1324 650 1384 uhi‘
679 1344 730 1383 et
758 1336 948 1392 Treviri
981 1335 1137 1395 urbs,
1171 1334 1510 1400 (Sygambros
1536 1350 1621 1382 eos
1654 1332 1789 1394 Itali;

422 1411 551 1467 Gaui
588 1423 759 1470 autem
813 1430 956 1461 nunc
996 1417 1209 1461 Francos
1251 1407 1540 1479 adpellant)
1585 1414 1786 1459 Brenno

421 1489 549 1537 duce
579 1483 840 1555 quondam
879 1506 971 1555 per
1005 1490 1154 1556 Alpes
1186 1490 1395 1555 sparsim
1431 1497 1683 1547 errantes,
1730 1488 1786 1535 in

419 1567 612 1622 Italiam
635 1569 897 1618 irruerunt
919 1584 1012 1633 per
1029 1564 1220 1616 deserta
1238 1567 1375 1615 invia
1394 1575 1444 1615 et
1466 1565 1701 1625 dumosa,
1726 1573 1786 1613 ut

421 1647 491 1692 ait
509 1645 765 1711 Virgilius.
801 1644 998 1693 Deinde
1011 1650 1105 1711 per
1137 1638 1403 1695 cuniculos
1432 1645 1670 1710 ingressi,
1691 1646 1784 1691 Ro-

421 1740 555 1778 mam
590 1733 744 1789 atque
770 1725 937 1789 ipsum
970 1722 1297 1789 Capitolium
1308 1732 1516 1771 tenuere
1554 1739 1565 1768 :
1590 1735 1722 1783 cum
1756 1736 1787 1767 a

419 1799 643 1859 barbaris
671 1802 982 1875 intempesta
1015 1810 1164 1849 nocte
1197 1797 1561 1866 adparentibus
1593 1797 1800 1864 ‘estitit

421 1881 514 1944 qui
546 1880 602 1926 ιιι
641 1859 833 1949 templo
874 1888 1020 1930 erant
1052 1894 1279 1938 anseres,
1318 1877 1568 1938 Manlium
1601 1876 1785 1924 ducem

417 1956 438 2020 (
452 1957 652 2013 vicinus
683 1965 853 2004 autem
889 1954 1030 2019 erat)
1066 1946 1383 2014 excitarunt,
1424 1955 1519 2019 qui
1548 1953 1787 2002 barbaros

417 2030 634 2101 dejecit,
687 2021 978 2078 anseribus
991 2035 1160 2077 autem
1199 2038 1260 2075 ut
1296 2030 1492 2086 festum
1521 2041 1572 2079 et
1599 2046 1786 2088 cursus

416 2117 670 2174 equestres
703 2101 930 2170 ludicros
952 2105 1167 2163 Romani
1199 2102 1536 2173 celebrarent,
1573 2099 1786 2154 canibus

413 2203 534 2234 vero
556 2175 833 2250 perniciem
847 2220 862 2242 ‚
891 2181 994 2230 sole
1019 2182 1217 2229 leonem
1234 2191 1561 2246 percurrente
1579 2218 1592 2240 ,
1623 2182 1784 2232 decre·

381 2266 500 2313 vit.
526 2265 649 2322 Quae
680 2278 798 2309 curn
831 2263 899 2307 ita
931 2270 1043 2307 tum
1079 2259 1405 2318 accidissent,
1440 2258 1518 2306 lex
1552 2258 1647 2306 lata
1680 2269 1781 2319 est,

416 2334 647 2400 custodes
667 2345 944 2413 nocturnos
965 2338 1250 2386 instituens.
1288 2339 1354 2384 Et
1381 2315 1634 2403 quantum
1661 2338 1782 2403 qui-

416 2410 532 2480 dem
549 2417 613 2466 ad
626 2405 882 2491 temporis
898 2416 1161 2482 spatium,
1187 2431 1283 2463 nos
1302 2415 1448 2481 prius
1468 2413 1531 2462 de
1549 2412 1629 2463 his
1646 2432 1780 2463 com-

415 2511 692 2544 memorare
710 2494 997 2560 oportebat:
1019 2510 1196 2542 verum
1218 2494 1462 2559 quoniam
1479 2493 1576 2545 hoc
1589 2510 1781 2542 munus

417 2573 788 2638 magistratibus
814 2572 1102 2639 reipublicae
1131 2572 1455 2620 adnumerari
1487 2589 1593 2620 non
1623 2572 1778 2631 solet,

419 2660 592 2714 estque
626 2651 894 2716 collegium
928 2662 978 2698 et
1005 2668 1190 2716 corpus
1217 2652 1487 2699 ministerii
1525 2667 1670 2698 causa
1704 2652 1778 2696 in·

421 2737 655 2786 ventum3
692 2745 783 2792 par
807 2746 1015 2794 quoque
1037 2739 1166 2788 erat,
1195 2731 1339 2793 quasi
1359 2739 1580 2776 extremo
1600 2729 1777 2791 utique

422 2796 804 2869 magistratuum
831 2805 959 2853 illud
989 2805 1276 2870 adjungere.
1301 2807 1500 2853 Etenim
1532 2822 1637 2852 non
1670 2814 1774 2850 tan-
