2748 3834
624 535 632 541 ·
699 489 1070 525 nmrunmcaz
1108 488 1380 522 nouANAB
1412 464 1634 525 Linjm.
1747 475 1837 524 261

376 597 395 606 -
463 561 627 623 dam,
651 565 920 612 emeritum
938 562 1165 629 indigeni
1182 564 1452 622 exercitus,
1473 565 1658 630 viginti
1668 572 1848 616 aureos

485 657 698 707 poscens
716 677 731 702 ‚
762 640 891 691 ferre
915 658 1021 690 non
1043 640 1313 690 habentem
1335 639 1582 707 cogebat,-
1595 649 1847 693 ‹et-cuncta

487 734 758 784 poenarum
799 720 1139 767 instrumenta
1185 718 1352 766 nervis
1397 718 1567 766 miseri
1610 720 1850 786 pauperis

487 795 802 846 obtundebat
823 815 834 844 :
859 797 951 862 qui
970 795 1182 855 deinde,
1206 811 1373 861 neque
1386 795 1553 844 vivere
1569 797 1848 870 sustinens,

484 893 654 943 neque
678 875 930 924 moriendi
954 873 1239 923 facultatem
1260 873 1452 924 habens
1466 911 1480 935 ,
1508 884 1615 923 arte
1632 885 1846 925 mortem

485 954 727 1019 quaesivit.
753 953 943 1000 Sumtis
965 953 1135 1018 itaque
1157 950 1481 1001 carnificibus
1497 988 1511 1012 ‚
1547 953 1729 1019 viginti
1759 970 1846 1004 au·

485 1047 597 1080 reos
624 1048 676 1080 se
705 1030 944 1079 daturum
965 1067 979 1090 ,
1014 1032 1302 1079 necessitate
1332 1029 1615 1096 pollicitus,
1647 1032 1690 1080 si
1719 1030 1847 1080 forte

449 1117 536 1160 ‘se
576 1112 631 1158 in
660 1110 1002 1160 deversorium
1035 1120 1241 1158 euntem
1272 1110 1415 1176 sequi
1438 1109 1627 1169 velint,
1667 1110 1758 1159 ubi
1787 1127 1848 1159 eo

481 1190 622 1238 venit
635 1226 649 1250 ‚
680 1205 970 1255 progressus
984 1224 997 1249 ‚
1028 1188 1153 1236 dum
1174 1188 1404 1238 custodes
1423 1186 1554 1238 foris
1562 1188 1845 1255 praestolan-

449 1265 454 1270 ’
483 1278 596 1327 tur,
622 1269 678 1316 in
702 1267 942 1334 laqueum
969 1268 1158 1316 inserto
1178 1266 1333 1328 conc,
1369 1268 1472 1336 vita
1495 1266 1735 1317 liberatus
1756 1278 1845 1317 est.

483 1345 608 1393 Inde
625 1381 644 1405 ‚A
666 1361 784 1393 cum
814 1361 920 1393 non
947 1344 1199 1411 prodiret,
1225 1346 1433 1412 ingressi
1465 1344 1540 1392 illi
1560 1355 1846 1411 etsuspen-

482 1440 602 1472 sum
627 1423 936 1489 conspicati,
974 1422 1181 1490 cadaver
1202 1422 1410 1489 quidem
1439 1423 1494 1470 in
1521 1420 1632 1471 foro
1654 1423 1844 1489 proJ'ec-

483 1510 625 1559 tum,
657 1501 851 1566 quippe
880 1501 1061 1566 utique
1090 1500 1314 1566 decepti,
1347 1499 1747 1558 conculcarunt3
1778 1499 1847 1549 fa·
1882 1550 1885 1553 .

480 1577 690 1626 cultates
720 1594 840 1626 vero
865 1578 974 1642 ejus
1004 1577 1262 1644 diripuere
1281 1614 1296 1639 ,
1343 1595 1409 1627 ne
1438 1576 1528 1626 vili
1552 1579 1844 1645 tegumento

479 1655 687 1723 quidem
721 1655 784 1704 ad
813 1656 1125 1722 sepulturam
1154 1673 1274 1705 eum
1304 1655 1585 1722 dignantes.
1636 1719 1637 1722 Ἴ

546 1733 628 1782 61..
664 1734 968 1799 Hujusmodi
1000 1734 1249 1801 praeclaris
1280 1733 1591 1800 facinoribus
1618 1735 1847 1783 intentus

478 1809 732 1878 leStrygon
749 1848 763 1872 ‚
786 1828 873 1861 seu
891 1813 1065 1878 potius
1090 1811 1385 1864 infanticida
1401 1848 1416 1872 ,
1433 1811 1659 1878 perditor-
1674 1813 1846 1878 patrioe

478 1906 630 1951 meae,
663 1890 744 1956 (ut
766 1889 1075 1956 Lycophron
1099 1889 1184 1939 ille
1202 1891 1272 1939 ait
1287 1890 1322 1956 ,)
1341 1904 1555 1938 annum
1587 1891 1846 1955 integrum

395 2014 398 2017 ,
473 1967 734 2028 Lydorum
749 1969 1086 2017 vastationem.
1097 1969 1430 2027 continuavit.
1445 1971 1657 2031 Parvum
1674 1958 1846 2016 autem

475 2055 527 2094 et
553 2045 654 2094 vile
686 2055 930 2111 reputans
947 2081 961 2105 ,
999 2047 1058 2094 si·
1072 2045 1228 2094 solam
1251 2045 1464 2094 felicem
1495 2056 1612 2094 ante
1634 2045 1850 2106 Lydiam

476 2124 682 2188 injuriis
705 2123 1000 2188 subjiceret,
1035 2114 1128 2190 per
1151 2133 1308 2172 totam
1337 2123 1492 2171 simul
1514 2112 1847 2171 Asiani'dorsi

474 2201 790 2267 provinciam
811 2201 1120 2266 impietatem
1140 2200 1405 2248 extendere
1424 2210 1643 2248 noverat.
1663 2204 1848 2246 Secun-

317 2273 320 2276 ’
401 2305 405 2308 <
475 2277 602 2327 dum
625 2277 888 2342 antiquam
914 2276 1073 2342 legem
1099 2279 1154 2324 in
1176 2277 1452 2342 provinciis
1470 2275 1601 2324 latus
1619 2275 1775 2324 simul
1794 2286 1846 2329 et

476 2354 608 2404 celer
643 2369 821 2403 cursus
853 2356 1118 2405 constituti
1151 2364 1294 2404 erant
1324 2373 1343 2402 ι
1371 2350 1593 2420 quorum
1615 2353 1717 2411 ,ille
1738 2370 1844 2402 car-

472 2433 677 2499 pentis,
700 2430 792 2479 hic
812 2441 982 2480 autem
1006 2430 1316 2498 subjugibus
1333 2433 1480 2498 equis
1503 2431 1741 2497 (veredos
1757 2448 1845 2480 eos

473 2510 800 2577 imperatores
833 2525 1068 2558 vocavere
1101 2527 1115 2568 ;
1157 2525 1459 2575 causamque
1474 2509 1547 2557 ·in
1581 2525 1732 2576 opere
1778 2509 1841 2558 de

474 2587 735 2636 mensibus
756 2603 784 2635 a
806 2586 954 2636 nobis
975 2587 1180 2636 relatam
1206 2604 1307 2636 esse
1334 2587 1559 2652 scimus)
1587 2587 1836 2636 utebatur.

474 2665 679 2731 Quippe
700 2673 804 2712 tota
824 2663 926 2713 fere
946 2667 1240 2714 continente
1255 2665 1316 2713 iis
1330 2664 1551 2729 subjecta
1571 2701 1585 2725 ‚
1612 2682 1718 2714 non
1734 2674 1838 2712 erat

529 2784 578 2837 7)
603 2781 702 2822 eod.
719 2768 904 2837 βιρᾼεδους.

528 2847 930 2901 8)·καὶ-ἀπο3έμενοι.
951 2845 1008 2887 V.
1028 2847 1233 2902 Excerpta
1250 2861 1302 2889 ex
1317 2847 1394 2888 hoc
1413 2860 1557 2902 opere,
1569 2854 1662 2900 pag.-
1680 2857 1739 2886 ις.
