2748 3834
995 498 1216 532 lnnssx.
1744 503 1784 555 9

479 577 524 632 4.
558 577 632 623 De
655 572 887 641 praefecto
909 576 1145 640 praetorio
1163 584 1212 623 et
1229 572 1501 640 adparente
1525 577 1572 624 ei
1590 569 1778 628 officio.

406 655 480 701 De
506 653 791 718 insignibus
817 650 1119 718 praefecturae
1154 653 1373 716 praetorii
1397 688 1411 711 ‚
1450 652 1615 720 deque
1641 668 1778 704 sum·

408 733 506 779 mis
529 733 638 796 ejus
666 730 887 796 judiciis.
918 730 1087 786 Primo
1120 730 1433 795 magistratui
1468 726 1782 784 destinatum

408 810 702 876 praetorium
728 807 851 857 olim
878 824 984 855 non
1011 806 1176 855 fuisse.

480 887 524 936 5.
558 890 632 935 De
650 886 923 952 magistris,
947 895 996 934 et
1015 902 1168 951 quem
1191 887 1418 953 primum
1441 885 1656 936 electum
1674 906 1778 940 esse

409 965 618 1030 historia
637 963 831 1013 referat.
858 963 993 1012 Olim
1026 963 1384 1016 frumentarios
1412 975 1613 1016 vocatos
1636 984 1740 1018 esse
1762 999 1776 1030 ς

409 1059 539 1110 quos
563 1059 704 1090 nunc
735 1043 1084 1107 magistrianos
1110 1053 1304 1091 vocant.

474 1122 521 1169 6.
548 1120 870 1188 De¹praefecto
887 1122 1099 1187 Scythiae
1110 1160 1123 1182 ‚
1141 1122 1203 1170 de
1219 1133 1430 1189 praetore
1445 1125 1775 1186 Iustinianeo,

408 1198 471 1247 de
494 1202 733 1265 magistro
757 1218 1002 1249 censuum
1036 1201 1178 1249 etde
1210 1202 1512 1268 quaesitore3
1549 1202 1641 1251 hos
1674 1220 1776 1252 ma·

408 1278 644 1344 gistratus
667 1294 773 1325 non
807 1288 918 1326 tum
943 1280 1171 1344 primum
1202 1281 1528 1344 excogitatos,
1573 1276 1659 1330 sed
1691 1298 1777 1331 ne-

407 1356 592 1422 glectos
610 1355 1047 1405 revocatosfuisse.
1603 1357 1605 1359 ’
1679 1373 1683 1378 ·

476 1453 520 1500 7.
555 1438 628 1485 De
653 1433 823 1483 officio
853 1434 1201 1501 praefectorum
1237 1438 1471 1503 praetorio
1498 1473 1512 1497 ‚
1565 1437 1777 1504 ejusque

408 1513 672 1577 catalogis,
708 1515 1104 1574 consuetudine,
1131 1510 1409 1576 institutis,
1443 1515 1656 1576 chartis,
1693 1516 1776 1564 de·

408 1606 510 1655 que
530 1589 739 1655 reliquis
760 1591 1080 1656 antiquitatis
1102 1594 1442 1653 ornamentis,
1475 1596 1526 1641 et
1549 1608 1676 1658 quas
1708 1591 1778 1641 ob

407 1684 584 1716 causas
600 1668 822 1732 neglecta
849 1668 1055 1717 fuerint.
1291 1728 1297 1731 ,

479 1745 523 1793 8.
559 1747 665 1793 Cur
690 1745 824 1793 idem
856 1743 1049 1794 flumen
1080 1752 1400 1810 nuno‘Ister‚
1440 1766 1582 1798 nunc
1605 1751 1777 1798 Danu-

406 1822 523 1871 bius
534 1823 830 1888 adpelletur.
847 1823 1118 1882 Quomodo
1134 1815 1253 1872 cum
1268 1827 1426 1873 Persis
1435 1826 1776 1888 pugnandum

407 1901 690 1950 secundum
712 1901 930 1947 tacticos.

472 1993 520 2041 9.
554 1970 773 2035 Quando
791 1985 842 2021 et
863 1974 1019 2039 quam
1044 1974 1112 2022 o'b
1131 1991 1333 2024 eausam
1362 1980 1640 2026 inventum·
1660 1981 1778 2028 scri·
1852 2036 1855 2038 μ

405 2054 688 2113 niariorum
728 2068 930 2119 corpus.
967 2051 1115 2100 Unde
1150 2053 1505 2101 introductum
1541 2056 1779 2116 cancella·

405 2135 603 2182 riorum
629 2148 818 2184 nomen
834 2169 847 2192 ‚
877 2141 927 2179 et
946 2149 1038 2179 cur
1059 2133 1128 2178 ita
1152 2131 1390 2198 adpellati
1410 2131 1618 2182 fuerint.
1643 2137 1780 2195 Quas

405 2211 473 2259 ob
500 2227 671 2258 causas
696 2211 944 2257 corruerit
974 2208 1201 2255 officium
1230 2228 1243 2267 ;
1285 2208 1443 2272 hujus
1474 2213 1546 2257 rei
1577 2215 1778 2259 Anasta·

407 2290 541 2337 sium
566 2290 922 2353 imperatorem
941 2303 1033 2352 per
1050 2287 1308 2333 Marinum
1330 2302 1530 2334 causam
1557 2286 1723 2336 fuisse.

483 2383 556 2414 10.
584 2364 734 2414 Unde
746 2364 1127 2430 Durrhachium
1144 2363 1366 2424 dicatur,
1384 2381 1497 2430 quae
1514 2363 1643 2412 olim
1664 2365 1780 2431 Epi-

407 2443 641 2494 damnus.
1163 2493 1166 2496 ,

481 2542 555 2573 11.
593 2526 754 2591 Regni
777 2524 1022 2575 Anastasii
1054 2524 1340 2590 descriptio.

481 2620 556 2652 12.
585 2595 689 2654 Cur
710 2608 865 2653 Persae
887 2621 916 2651 a
942 2606 1184 2668 Romanis
1201 2640 1215 2663 ,
1253 2618 1371 2651 cum
1405 2603 1692 2668 antiquitus
1725 2601 1778 2648 id

411 2679 598 2729 factum
626 2700 732 2732 non
751 2668 854 2744 sits
867 2684 1138 2749 pecuniam
1162 2693 1410 2748 perpetuo
1429 2719 1442 2742 ,
1470 2682 1615 2748 quasi
1639 2680 1776 2728 debi-

411 2766 512 2804 tam
530 2794 543 2816 ‚
581 2760 793 2824 exigant.
819 2764 893 2808 De
911 2761 1056 2826 lapsu
1075 2760 1353 2808 Antiochiae
1369 2798 1382 2821 ,
1402 2760 1626 2826 Daphnae
1644 2757 1773 2821 adJa-

411 2835 571 2884 centis
586 2871 602 2896 ‚
636 2836 799 2902 deque
823 2841 1084 2887 Persarum
1108 2839 1382 2888 invasione.

1564 2925 1594 2957 α
