2748 3834
704 551 1080 586 nmpunmcut
1115 550 1379 583 ROMANAE
1417 552 1524 585 mn.
1560 553 1593 586 1.
1769 556 1825 605 71

465 626 687 676 fabulam
711 629 879 676 Rom'ae
901 626 1054 675 dedit.
1074 625 1330 674 Dividitur
1344 636 1514 676 autem
1534 625 1834 679 fabuhbifa-

465 707 589 754 riam
609 741 623 766 ‚
672 707 726 753 in
753 703 1059 772 crepidatam
1095 713 1146 751 et
1176 713 1547 770 praetextatam3
1580 704 1833 774 habetque

464 785 718 852 crepidata
754 787 1016 843 Graecum,
1059 792 1343 849 praetextata
1372 786 1832 852 Romanumargu·

465 875 713 913 mentum.
738 858 995 911 Comoedia
1017 877 1136 909 vero
1156 862 1208 909 in
1235 872 1426 928 septem
1451 877 1633 929 genera
1650 863 1831 914 dividi·

463 955 571 1005 tur,
601 946 658 992 in
682 942 938 1010 palliatam
956 978 970 1002 ‚
1003 951 1222 1008 togatam
1241 979 1255 1002 ,
1285 931 1552 991 atellanam
1569 980 1582 1003 ,
1607 943 1835 995 taberna·

462 1023 588 1071 riam
603 1059 616 1084 ,
637 1022 997 1071 Rhintonicam
1018 1057 1031 1081 ,
1051 1020 1449 1087 planipedariam
1475 1032 1525 1071 et
1543 1023 1830 1072 mimicam:

459 1111 510 1149 et
527 1100 731 1166 palliata
750 1099 957 1166 quidem
981 1109 1080 1159 est,
1102 1117 1212 1165 quoe
1232 1103 1461 1150 Graecum
1476 1138 1491 1161 ‚
1507 1111 1702 1168 togata,
1717 1121 1830 1171 quae

458 1188 605 1227 vetus
641 1182 929 1226 Romanum
964 1189 1325 1244 argumentum
1365 1178 1516 1228 habet
1557 1198 1568 1228 :
1600 1180 1829 1230 *atellana

460 1256 669 1305 illorum
703 1267 805 1318 est,
840 1273 971 1323 quos
996 1257 1275 1306 exodiarios
1296 1266 1512 1307 vocant:
1548 1257 1830 1308 tabernaria

400 1330 403 1332 ’
457 1348 534 1386 est
550 1339 744 1387 scenica
755 1375 769 1398 ‚
785 1338 888 1386 sive
905 1337 1159 1386 theatralis
1171 1375 1185 1398 ‚
1203 1338 1510 1387 Rhintonica
1525 1338 1802 1406 alienigena
1814 1376 1829 1401 ‚

457 1416 819 1483 planipedaria.
833 1453 844 1465 .
858 1453 868 1464 .
882 1453 895 1475 ‚
926 1418 1129 1465 mimica
1149 1434 1204 1464 ea
1219 1453 1233 1477 ,
1262 1435 1374 1483 quae
1394 1433 1535 1466 nunc
1553 1417 1659 1466 s'ola
1678 1427 1829 1466 restat

457 1496 703 1544 comoedia
721 1532 734 1556 ,
753 1495 1012 1544 artificiosi
1039 1496 1114 1544 nil
1132 1496 1321 1545 habens
1339 1533 1358 1559 ,A
1381 1512 1614 1546 sermone
1628 1506 1827 1546 tantum

458 1574 619 1622 risum
639 1590 849 1623 movens
867 1574 1210 1622 multitudini.

525 1656 555 1708 [ι
567 1669 583 1700 1
595 1690 605 1700 .
642 1653 898 1713 Quoniam
915 1669 1034 1700 vero
1054 1654 1108 1699 in
1124 1661 1427 1718 argumento
1447 1653 1827 1702 immorandum

454 1730 688 1778 existimo
706 1767 719 1790 ‚
740 1730 838 1779 hoc
855 1732 1005 1778 etiam
1026 1730 1221 1787 addam.
1236 1728 1547 1779 Rhintonem
1562 1768 1576 1791 ‚
1595 1734 1824 1781 Asceram

454 1818 504 1857 et
519 1806 717 1857 Blesum
735 1814 755 1868 ,'
778 1809 1004 1874 aliosque
1024 1809 1451 1875 Pythagoreorum
1474 1819 1670 1860 constat
1693 1827 1827 1877 egref

453 1889 652 1952 giarum
685 1887 1073 1953 disciplinarum
1101 1889 1155 1934 in
1180 1895 1362 1954 magn'a
1388 1890 1575 1939 ,Graecia
1599 1900 1827 1938 auctores

451 1965 631 2026 fuisse,
654 1982 710 2013 ac
730 1966 983 2033 praecipue
997 1965 1333 2025 Rhintonem‚
1355 1967 1446 2032 qui
1462 1968 1663 2032 primu-s
1679 1967 1826 2016 hexa-

450 2043 625 2090 metris
645 2041 944 2087 comoediam
962 2041 1187 2103 scripsit-1
1209 2052 1365 2102 quem
1380 2045 1581 2103 primus
1600 2045 1827 2093 imitatus

446 2118 704 2179 Lucilius,
733 2121 1023 2178 Romanus,
1055 2115 1271 2164 heroicis
1294 2116 1524 2166 versibus
1553 2110 1825 2170 comoedias

449 2197 751 2263 composuit.
776 2199 891 2244 Post
912 2195 1054 2243 hunc
1075 2231 1088 2254 ,
1127 2204 1178 2242 et
1201 2196 1294 2259 qui
1325 2211 1445 2242 eum
1479 2198 1666 2256 secuti,
1695 2215 1824 2264 quos

448 2276 688 2336 satyricos
709 2275 925 2322 Romani
947 2282 1160 2330 vocant,
1192 2273 1495 2333 recentiores
1512 2310 1526 2334 ‚
1554 2277 1748 2322 Cratini
1773 2286 1823 2326 et

447 2352 711 2418 Eupolidis
729 2351 900 2400 aemuli
928 2351 1214 2411 caracteris,
1247 2350 1523 2400 Rhintonis
1546 2363 1708 2402 metro
1724 2390 1739 2414 ‚
1771 2365 1822 2403 et

448 2431 846 2481 memoratorum
882 2428 1141 2478 dicacitate
1174 2430 1254 2477 usi
1276 2465 1290 2490 ‚
1338 2431 1603 2495 satyricam
1645 2449 1823 2480 comoe·

447 2509 583 2561 diam
607 2509 882 2558 firmarunt
908 2528 918 2557 :
945 2518 996 2557 et
1011 2509 1254 2556 Horatius*
1272 2509 1483 2574 quidem
1503 2509 1568 2557 ab
1585 2520 1690 2558 arte
1713 2527 1819 2560 non

447 2588 694 2638 aberravit
715 2608 728 2649 ;
770 2589 968 2637 Persius
1005 2597 1177 2636 autem
1203 2599 1224 2647 ‚*
1250 2586 1569 2653 Sophronem
1608 2599 1816 2653 *poetam

450 2667 645 2714 imitari¹
660 2663 872 2733 cupiens
891 2704 904 2726 ,
946 2666 1297 2732 Lycophronis
1323 2666 1589 2731 caliginem
1617 2683 1819 2733 supera·

449 2744 556 2802 vit;
585 2747 820 2805 Turnus,
853 2745 1106 2795 Iuvenalis
1140 2755 1190 2792 et
1229 2746 1495 2792 Petronius
1516 2781 1529 2804 ‚
1568 2746 1816 2805 continuo

451 2820 691 2868 conviciis
713 2822 961 2870 irruentes
976 2859 989 2882 ‚
1018 2817 1218 2882 satyrici
1238 2812 1477 2869 carminis
1495 2820 1654 2885 legem
1671 2820 1817 2868 viola-

450 2907 588 2946 runt.
618 2901 727 2945 Haec
752 2898 814 2946 de
836 2909 999 2946 vetere
1024 2898 1271 2946 comoedia
1305 2886 1659 2963 tragoediaque.
