2748 3834
391 493 1742 537 mmm-§mmmmsmmteswsesmfflsmmwswsm

377 597 530 701 'DE
569 638 1251 701 MAGISTRATIBUS
1293 621 1717 702 CIVILIBUS.

701 820 885 867 LIBRI
931 819 1134 865 PRIMI
1178 820 1442 866 CAPITA.

391 961 674 1056 Qum-mu
701 990 942 1056 temporis
960 988 1211 1038 effluxerit
1229 990 1292 1038 ab
1307 992 1466 1040 AEneae
1484 992 1538 1039 in
1556 990 1750 1039 Italiam

388 1068 609 1117 adventu
626 1067 688 1114 ad
705 1071 912 1115 Romam
936 1067 1189 1116 conditam
1201 1105 1214 1127 ,
1239 1079 1593 1136 quantumque
1608 1069 1672 1117 ab
1691 1086 1751 1117 eo

388 1145 484 1195 sub
501 1145 724 1211 regibus,
750 1156 798 1194 et
821 1155 1072 1211 quantum
1091 1146 1187 1195 sub
1203 1145 1498 1194 consulibus
1514 1163 1676 1212 usque
1689 1146 1752 1194 ad

389 1227 655 1285 Caesarem,
681 1235 1038 1290 quantumque
1060 1218 1122 1272 ab
1148 1241 1207 1272 eo
1231 1242 1394 1292 usque
1415 1225 1477 1273 ad
1502 1228 1752 1273 Constan-

389 1302 582 1362 tinum,
612 1319 641 1349 a
668 1320 773 1368 quo
800 1313 1053 1369 quantum
1082 1302 1145 1351 ad
1167 1305 1410 1352 Anastasii
1436 1304 1753 1370 imperatoris

389 1378 606 1428 obitum.

457 1475 500 1504 α.
543 1458 682 1518 Quid
708 1460 842 1506 inter
865 1475 1030 1524 regem
1047 1495 1061 1519 ‚
1095 1468 1372 1519 tyrannum
1395 1469 1445 1506 et
1466 1458 1752 1524 principem

388 1536 589 1581 intersit
604 1571 617 1594 ,
643 1553 736 1582 nec
763 1553 868 1582 non
888 1537 1087 1584 Caesaris
1110 1546 1159 1583 et
1188 1537 1504 1601 imperatoris
1521 1535 1753 1599 dignitas.

385 1612 523 1672 Quid
543 1611 792 1677 significet
811 1631 1001 1675 nomen
1023 1615 1290 1674 Quirinus.
1488 1596 1503 1608 ⁵

458 1688 502 1737 3.
539 1690 814 1743 Romulum
835 1702 884 1739 et
899 1690 1111 1757 aequales
1130 1693 1239 1756 ejus
1257 1690 1412 1739 AEolia
1428 1690 1603 1756 lingua
1619 1689 1754 1738 locu·

385 1778 463 1816 tos
486 1784 603 1816 esse.
628 1771 874 1817 Dominos
900 1787 1004 1817 non
1028 1783 1130 1817 esse
1151 1768 1477 1835 adpellandos
1497 1769 1755 1834 principes

384 1849 746 1894 Romanorum.
779 1849 852 1893 De
887 1846 1174 1910 insignibus
1203 1847 1348 1910 regis.
1377 1845 1514 1905 Quid
1543 1847 1608 1893 sit
1639 1857 1754 1911 toga

383 1934 433 1971 et
465 1924 646 1972 trabea.
683 1927 788 1971 Cur
812 1923 979 1971 sedem
1009 1924 1138 1987 regis
1165 1923 1350 1972 solium
1378 1923 1639 1994 adpellent¹
1661 1928 1754 1973 Ro·-

384 2016 538 2047 mani.

449 2082 495 2136 4.
531 2081 635 2126 Cur
653 2076 803 2142 jubas
823 2075 1067 2124 nonnulli
1088 2074 1221 2124 tufus
1244 2074 1428 2123 dicant.

452 2155 495 2205 5.
533 2160 744 2204 Scutum
761 2193 774 2217 ‚
799 2156 1085 2221 clipeum‘et
1100 2172 1328 2221 parmam
1345 2153 1484 2202 unde
1499 2153 1757 2220 adpellent

380 2235 627 2293 Romani,
674 2232 723 2281 et
755 2233 895 2299 quod
927 2233 1113 2281 horum
1151 2233 1439 2282 discrimen.
1469 2235 1755 2282 Exercitum

301 2327 304 2330 ⁴
386 2315 674 2359 Romanum
692 2312 755 2359 ad
773 2314 933 2359 AEneae
949 2311 1327 2378 exemplumita
1343 2321 1592 2359 armatum
1610 2329 1755 2361 orna·

382 2400 598 2456 tumque
617 2407 719 2438 esse
734 2427 748 2450 ,
783 2391 861 2438 uti
885 2391 1166 2438 etiamnum
1193 2391 1258 2449 ii,
1289 2407 1418 2455 quos
1437 2389 1751 2440 excubitores

382 2480 578 2529 vocant.
611 2472 715 2517 Cur
750 2470 1067 2535 imperatoris
1100 2469 1463 2534 jumentariam
1499 2468 1751 2536 bastagam

382 2550 714 2596 attentionem
734 2548 1002 2615 adpellenn
1078 2554 1082 2560 '

452 2625 497 2672 6.
533 2628 696 2674 Prima
715 2627 892 2674 electio
907 2664 919 2686 ‚
944 2627 1179 2692 magister
1197 2628 1448 2692 equitum.
1474 2629 1533 2673 In
1553 2626 1661 2690 ejus
1681 2625 1749 2672 lo-

385 2716 502 2747 cum
526 2714 748 2751 creatum
771 2721 872 2752 esse
894 2703 1185 2770 praefectum
1211 2705 1460 2770 praetorio.

457 2795 502 2841 7.
537 2780 761 2827 Secunda
784 2781 984 2841 electio,
1013 2783 1225 2846 patricii.
1257 2784 1423 2841 Quare
1446 2791 1612 2844 patres
1632 2795 1746 2826 con·

385 2856 559 2922 scripti
591 2858 874 2924 antiquitus
899 2859 1149 2926 adpellati.
1189 2859 1348 2920 Quale
1373 2875 1549 2924 genus·
1567 2858 1748 2906 tunicae
