2748 3834
921 483 1035 532 lxiv
1344 495 1843 531 coMMEN‘rAstan

921 593 1248 651 contremuit,
1289 592 1461 637 nullus
1482 590 1630 651 Lydo
1655 590 1794 634 locus
1823 593 2090 648 supererat.
2126 586 2260 633 Nam

917 680 1133 739 primum
1168 678 1272 735 ipse
1304 675 1500 720 Codicis
1536 690 1815 736 possessor,
1862 679 2060 718 coactus
2088 672 2259 733 patriae

913 764 1038 809 lines
1061 761 1288 812 fidelitati
1321 778 1422 808 suae
1451 759 1741 807 interdictos
1768 760 1914 822 longe
1953 765 2257 820 respectare,

911 866 1037 911 aque
1055 849 1297 912 legatione
1324 850 1375 894 in
1403 848 1616 894 exilium
1638 847 1925 896 voluntaria
1948 847 2060 894 vice
2084 843 2259 891 tradu-

910 945 1034 994 ctus,
1055 955 1081 984 a
1095 938 1417 984 Serenissima
1433 937 1674 999 Augusta,
1692 953 1803 999 quae
1822 944 1945 983 tunc
1959 933 2258 982 latissimum

907 1025 1176 1087 imperium
1201 1025 1483 1087 aquilonari
1515 1025 1655 1087 plaga
1687 1025 1901 1088 gloriose
1925 1022 2258 1086 gubernabat,

908 1120 963 1158 ut
984 1112 1043 1158 ad
1067 1130 1172 1159 eam
1197 1129 1247 1158 se
1269 1110 1517 1159 conferret
1542 1112 2051 1161 honorificentissime
2070 1111 2120 1157 in
2132 1110 2252 1157 vita-

905 1207 982 1246 tus
1008 1207 1092 1246 est.
1122 1200 1238 1257 Quo
1260 1217 1376 1247 cum
1398 1202 1705 1265 secessisset,
1743 1210 1792 1249 et
1813 1202 1920 1265 ipsa
1940 1200 2116 1263 quanti
2137 1215 2255 1245 eum

904 1286 1110 1349 faceret,
1151 1296 1397 1350 quantum
1418 1288 1664 1351 crederet,
1705 1288 2009 1336 documenta
2030 1286 2254 1334 maxima

905 1376 1039 1422 dedit
1069 1394 1078 1423 :
1113 1385 1159 1422 et
1179 1376 1313 1423 filius
1335 1377 1455 1424 item
1476 1379 1580 1439 ejus
1607 1378 1815 1425 meliore
1839 1376 2041 1425 fortuna
2072 1374 2254 1438 dignus

899 1464 1086 1510 Paulus
1109 1466 1236 1527 Imp.
1262 1481 1377 1512 cum
1399 1474 1524 1512 esset
1556 1466 1750 1513 liberali
1771 1483 1827 1512 ac
1864 1480 2046 1526 magno
2081 1462 2250 1509 animo

899 1553 1161 1615 praeditus,
1194 1555 1469 1617 justisque,
1507 1563 1656 1619 atque
1692 1554 1840 1603 rectis
1871 1551 2248 1612 voluntatibus,

896 1644 1259 1706 amplissimum
1286 1646 1458 1696 virum
1484 1646 1739 1693 beneficiis
1762 1644 1995 1708 plurimis
2017 1641 2248 1689 ornavit:

895 1733 1131 1781 afflictum
1157 1736 1318 1782 erexit
1340 1754 1352 1784 z
1372 1737 1564 1783 extorri
1587 1744 1789 1799 penates
1806 1771 1818 1795 ‚
1856 1733 2248 1797 dignitatemque

894 1822 1128 1870 reddidit:
1142 1824 1400 1871 mandavit
1420 1825 1625 1871 demum
1641 1840 1925 1886 supremam
1940 1839 2112 1869 curam
2131 1837 2247 1867 cum

894 1911 1123 1957 omnium
1144 1909 1560 1956 bibliothecarum
1582 1910 1929 1971 Imperialium
1945 1944 1959 1967 ,
1986 1916 2096 1954 tuln
2116 1908 2247 1954 Aca-

894 1994 1067 2041 demiae
1086 1996 1317 2040 Caesareae
1342 2029 1355 2052 ,
1394 2011 1494 2055 qua
1516 1993 1645 2040 nihil
1682 2010 1894 2056 usquam
1920 1992 2242 2055 magnificen-

891 2081 1006 2141 tius,
1041 2080 1171 2127 nihil
1192 2079 1501 2142 splendidius
1523 2082 1584 2127 ab
1609 2081 1715 2127 ullo
1739 2082 2055 2143 superiorum
2090 2097 2240 2127 saecu·

887 2168 1055 2214 lorum
1072 2185 1182 2230 rege
1196 2168 1253 2213 in
1268 2167 1550 2214 liberalium
1563 2169 1743 2216 artium
1763 2167 2087 2215 commodum
2099 2168 2237 2214 insti-

888 2261 1055 2301 tutum
1077 2262 1163 2301 est.
1181 2256 1257 2301 Ita
1273 2271 1387 2301 cum
1409 2261 1533 2301 esset
1550 2255 1605 2302 in
1628 2256 1852 2303 maximo
1870 2254 2082 2317 imperio
2102 2270 2235 2302 sum-

886 2360 998 2390 mus
1016 2344 1200 2390 artium
1220 2350 1267 2390 et
1286 2343 1448 2389 omnis
1468 2343 1796 2392 humanitatis
1811 2344 2010 2404 arbiter,
2028 2351 2075 2389 et
2093 2344 2237 2406 quasi

886 2438 1180 2492 procurator
1203 2428 1478 2476 excitandis
1498 2447 1553 2477 ac
1578 2430 1906 2493 propagandis
1931 2429 2107 2478 studiis
2133 2430 2235 2476 ele.-

885 2524 992 2564 ctus
1012 2553 1024 2577 ‚
1065 2518 1120 2564 in
1153 2517 1452 2564 nobilissimi
1488 2519 1712 2566 muneris
1748 2520 2075 2582 occupatione
2104 2517 2234 2565 nihil

883 2606 1121 2668 temporis
1142 2606 1396 2668 reliquum
1414 2606 1617 2668 habuit,
1655 2607 1794 2671 quod
1810 2608 1958 2672 Lydo
1976 2606 2231 2671 impende-

881 2700 957 2738 ret
986 2710 996 2739 :
1028 2711 1333 2756 omnemque
1351 2696 1519 2757 potius
1549 2704 1770 2744 mentem
1792 2735 1804 2759 ,
1848 2697 2227 2760 cogitationem,

881 2795 1082 2841 operam
1099 2780 1336 2828 adhibere
1357 2783 1546 2841 voluit,
1564 2792 1621 2831 ut
1635 2792 1831 2847 gratum
1849 2785 2096 2844 animum,
2116 2800 2232 2846 qua=

2129 2872 2230 2920 lem
2271 2884 2274 2889 ⁴
