2748 3834
900 448 982 484 nr.
1012 446 1259 487 mamus·
1291 450 1476 487 mrno.
1807 437 1866 497 ,xi

515 546 830 613 Imperatore
840 547 990 598 etiam
1000 548 1220 599 scribere
1237 549 1404 614 jussus
1417 555 1491 599 est
1502 546 1570 614 5.)
1580 549 1874 599 Historiam

512 639 701 703 prioris
719 638 838 687 belli
852 639 1055 688 Persici
1075 658 1090 684 .-
1109 637 1249 703 quod
1263 645 1576 704 susceptum,
1598 638 1685 690 vel
1702 639 1876 705 potius

510 729 850 781 instauratum
864 728 960 776 sub
979 728 1011 776 J
1013 728 1187 776 astino
1195 736 1310 792 post
1324 730 1575 794 insignem
1591 731 1797 782 Pemzae
1811 728 1874 780 ad

508 820 700 869 Daram
729 812 981 881 oppidum
1006 814 1201 865 cladem
1237 816 1257 881 (
1282 815 1390 867 vid.
1429 819 1646 884 Procop.
1684 819 1871 871 Persic.

508 905 621 956 Lib.
632 904 680 954 1.
695 914 804 968 'cap-
828 904 905 954 13.
927 920 1002 969 sq.
1019 902 1158 953 Edit.
1172 903 1302 970 Reg.
1318 905 1478 955 Paris.
1502 905 1646 956 1662.
1663 907 1812 956 Tom.
1830 907 1873 959 1.

506 1012 616 1062 pag.
647 992 802 1044 55-42
822 992 842 1058 )
865 1008 986 1059 pace
1008 995 1250 1059 aper-anto
1277 994 1367 1044 illa
1407 999 1495 1055 (eo
1522 996 1660 1046 enim
1692 997 1874 1049 Graeco

504 1085 716 1136 nomine
737 1101 766 1134 a
783 1085 981 1134 Latinis
1001 1101 1209 1150 quoque
1229 1085 1525 1136 auctoribus
1544 1086 1872 1151 nominatur)

505 1192 548 1225 a.
583 1175 680 1243 555
702 1174 1034 1226 terminatum
1057 1180 1146 1226 est.
1171 1174 1483 1240 Quanquam
1514 1192 1622 1226 non
1645 1175 1876 1242 explora-

503 1268 617 1313 tum
640 1263 830 1323 habeo,
866 1270 1145 1314 executum
1174 1280 1292 1314 eum
1327 1281 1434 1313 esse
1458 1263 1706 1330 principis
1730 1281 1874 1315 man-

501 1352 642 1417 data,
673 1353 919 1420 illiusque
948 1353 1072 1404 belli
1102 1354 1370 1405 historiam
1407 1370 1588 1406 revera
1607 1355 1874 1420 'perscrip-

503 1444 638 1494 sisse.
679 1445 822 1508 Nec,
860 1462 981 1496 cum
1014 1446 1071 1496 in
1108 1445 1221 1495 aliis
1258 1444 1459 1511 scriptis
1506 1446 1612 1496 suis
1654 1461 1872 1496 comme·

499 1532 760 1582 morandis
795 1534 1034 1598 quamvis
1070 1535 1266 1586 multus
1309 1535 1404 1595 sit,
1440 1534 1597 1607 huj-us
1625 1542 1759 1584 certe
1789 1549 1871 1583 us·

501 1636 656 1686 quam
681 1621 932 1673 meminit.
957 1621 1071 1673 Nec
1089 1620 1325 1675 hercules
1359 1631 1622 1689 tantopere
1648 1639 1759 1673 eam
1790 1622 1872 1673 de·

500 1708 780 1759 sideramus
812 1710 834 1774 (
853 1710 896 1758 si
924 1711 1080 1767 modo
1102 1712 1358 1775 mediocre
1389 1719 1557 1775 potest
1585 1729 1690 1763 esse
1714 1710 1874 1762 ullius

499 1799 722 1862 antiquae
735 1797 963 1846 historiae
979 1797 1314 1861 desiderium)
1330 1798 1495 1862 :quod
1514 1799 1702 1849 nobilis
1722 1799 1872 1850 nobis

495 1888 718 1952 scriptor
744 1893 929 1950 praesto
962 1872 1037 1935 est
1063 1887 1393 1952 Procopius,
1416 1889 1510 1952 qui
1540 1889 1675 1939 libro
1709 1890 1872 1941 Persi-

495 1989 675 2026 corum
711 1974 882 2039 primo
918 1971 1122 2039 prolixe
1149 1975 1270 2024 satis
1294 1973 1473 2024 eodem
1507 1975 1572 2026 de
1607 1977 1746 2027 bello
1776 1993 1872 2029 noe

495 2063 715 2115 edoceat.
739 2063 913 2128 Atque
928 2062 1039 2113 haec
1054 2062 1265 2129 quidem
1283 2062 1464 2130 Lydus
1479 2063 1624 2115 aetate
1643 2065 1868 2129 ineunte,

493 2162 551 2206 ac
578 2154 776 2206 media:
798 2162 1043 2221 provecta
1071 2172 1223 2222 vero,
1263 2163 1316 2206 ct
1340 2163 1596 2221 extrema,
1631 2156 1866 2222 scripsit,

390 2275 395 2283 ·
492 2248 579 2300 vel
602 2254 750 2298 certe·
763 2246 983 2298 confecit
1001 2247 1119 2298 illa:

557 2426 629 2477 V.
665 2427 760 2476 DE
785 2417 1125 2478 Mutunus
1143 2426 1363 2477 librum:
1387 2433 1443 2477 ut
1460 2425 1570 2492 ipse
1593 2424 1854 2492 loquitur,
1973 2449 2008 2475 v.

489 2522 558 2572 τὴν
588 2518 678 2583 περὶ
698 2525 829 2581 μηνῶν
852 2526 1080 2584 συγγραφήν
1111 2515 1248 2570 infra
1267 2534 1378 2584 pag.
1397 2533 1419 2567 1
1432 2514 1493 2568 16
1512 2516 1602 2566 lin.
1629 2532 1688 2566 22
1711 2533 1721 2564 :
1742 2515 1852 2565 sive
1872 2506 2090 2594 genumff‘ssuae

488 2612 557 2661 τὴν
584 2609 674 2673 περὶ
698 2615 831 2671 μηνῶν
858 2612 1124 2674 πραγματείαν
1142 2626 1191 2675 p.
1218 2625 1247 2658 2
1267 2608 1356 2659 lin.
1373 2626 1418 2675 7.
1432 2624 1543 2674 pag.
1565 2607 1628 2675 98
1650 2607 1738 2657 lin.
1759 2607 1819 2657 13
1840 2622 1851 2654 τ
1905 2679 1914 2695 Ι
1942 2666 2063 2696 Liberd

491 2699 541 2746 τᾶ
557 2700 645 2764 περὶ
667 2706 798 2760 μηνῶν
825 2715 876 2765 p.
905 2699 1001 2750 126
1019 2699 1110 2749 lin.
1137 2714 1215 2752 22.
1237 2715 1287 2766 p.
1314 2698 1520 2749 2601111.
1538 2696 1736 2764 penult.
1764 2713 1774 2743 :
1799 2697 1849 2743 τὰ
1903 2677 2082 2745 irensibus?

492 2788 580 2848 ‘mpt'
595 2794 726 2848 μήνῶν
741 2793 938 2854 γραφέντα
959 2807 1011 2857 p.
1032 2791 1114 2849 24.
1131 2790 1225 2844 lin·
1246 2805 1274 2840 2
1294 2827 1308 2855 7
1345 2805 1454 2855 pag.
1487 2788 1598 2911 1122.
1616 2787 1714 2876 ,ldn'
1753 2782 1816 2833 14
1834 2798 1847 2831 2

1605 2881 1645 2924 ι]

1931 2611 2043 2634 ttttttt
