2748 3834
688 523 1062 557 πεπυ-αισα
1094 523 1364 556 nonnum
1397 524 1501 558 mn.
1534 525 1567 558 1.
1752 507 1814 575 75

524 592 603 652 [⁸3.
640 598 823 644 Graves
841 591 1013 644 autem⁸
1034 606 1186 661 atque
1218 596 1539 662 impudentes
1559 598 1813 647 immotos-

453 687 553 737 que
585 682 636 720 et
670 672 826 722 duros
850 689 1078 723 censores
1114 686 1166 722 se
1191 673 1464 723 luxuriosis
1492 674 1781 740 prae'bebant
1798 713 1815 737 ,

454 767 621 816 neque
645 751 848 801 fortuna
864 790 877 813 ‚
915 769 1082 818 neque
1103 752 1348 819 dignitate
1384 755 1596 801 noxium
1622 763 1811 804 tuente.

454 831 575 890 Quae
594 848 708 879 vera
730 848 833 880 esse
858 832 938 879 his
954 830 1120 878 verbis
1141 830 1348 879 historia
1366 842 1600 879 testatur:
1617 834 1815 881 Primus

455 910 652 974 Appius
674 908 915 957 Claudius
945 925 1126 956 censor
1146 920 1342 957 creatus
1370 919 1457 958 est‘.
1493 912 1612 957 Erat
1644 920 1812 959 autem

455 1002 594 1034 unus
605 986 668 1034 de
683 975 916 1033 maximis
931 984 1016 1034 hic
1032 987 1374 1051 magistratus;
1397 1003 1692 1055 munusque
1702 989 1816 1052 ejus

458 1065 716 1129 inquirere
752 1074 803 1112 et
831 1063 1059 1128 judicare
1083 1066 1271 1113 civium
1305 1075 1500 1126 mores,
1527 1065 1640 1115 data
1671 1068 1815 1115 omni

454 1151 717 1206 peccantes
738 1142 990 1208 puniendi
1011 1153 1279 1209 potestate;
1310 1145 1395 1192 cui
1414 1156 1566 1193 nemo
1586 1159 1692 1193 non
1711 1154 1817 1193 erat
1849 1198 1852 1202 ⁴

456 1218 723 1269 obnoxius.
742 1224 859 1269 Erat
878 1238 997 1271 vero
1015 1218 1163 1270 etiam
1187 1239 1343 1289 penes
1363 1238 1593 1272 censores
1610 1258 1624 1284 ‚
1649 1222 1816 1290 publi-

456 1298 527 1346 cis
549 1298 790 1367 operibus
815 1301 1066 1349 civitatem
1090 1317 1285 1349 ornare.

954 1466 1324 1506 rnlnumiru‘s.

527 1610 607 1669 44.
645 1608 750 1657 Tali
775 1610 934 1675 igitur
964 1607 1118 1661 modo
1141 1625 1260 1659 cum
1298 1610 1551 1677 populum
1578 1620 1821 1660 terrerent

458 1703 687 1736 censores
705 1724 719 1750 ‚
743 1685 1075 1754 acerbiusque
1099 1689 1154 1736 in
1179 1689 1310 1736 cives
1338 1688 1822 1747 animadverterent,

458 1780 515 1814 ac
537 1766 788 1831 praecipue
804 1764 1126 1815 foeneratores
1145 1767 1366 1820 immites
1382 1782 1486 1815 sese
1507 1765 1824 1816 debitoribus

457 1842 765 1908 praeberent:
786 1843 930 1911 plebs
949 1842 1079 1891 duos
1093 1842 1191 1891 sibi
1210 1843 1446 1893 tribunos
1460 1878 1475 1904 ‚
1499 1846 1678 1892 Caium
1699 1844 1824 1892 Lici-

459 1937 608 1969 mum
630 1931 682 1971 et
703 1922 922 1969 Lucium
939 1919 1188 1969 Albinum
1204 1956 1219 1980 ,
1242 1922 1427 1971 creavit
1444 1958 1458 1981 ,
1480 1924 1573 1987 qui
1588 1922 1674 1985 jus
1694 1922 1825 1971 dice-

458 2009 574 2045 rent
597 1998 953 2054 multitudini,
991 1996 1205 2059 foroque
1229 2010 1512 2060 praeessent.
1540 2001 1604 2063 Hi
1623 1999 1824 2048 tribuni
1851 2035 1854 2036 γ

457 2072 647 2140 gladios
668 2070 935 2137 gerebant,
961 2069 1345 2136 utebanturque
1365 2074 1651 2121 ministerio
1666 2070 1829 2122 servo-

458 2168 575 2199 rum
597 2150 925 2216 publicorum
941 2186 954 2209 ,
980 2165 1110 2214 quos
1130 2148 1428 2198 vernaculos
1455 2149 1703 2200 vocabant
1728 2151 1749 2217 (
1767 2153 1828 2199 si-

461 2228 668 2294 gnificat
689 2238 859 2275 autem
878 2244 977 2274 vox
998 2242 1164 2274 servos
1186 2227 1326 2273 domi
1348 2227 1542 2292 natos).
1568 2231 1679 2288 Qua
1699 2231 1752 2276 in
1776 2247 1829 2277 rc

462 2305 673 2355 modum
698 2303 941 2352 excedens
961 2302 1104 2368 plebs
1120 2339 1134 2363 ,
1163 2312 1222 2350 ut
1242 2304 1338 2368 ipsi
1356 2305 1556 2368 patricii
1579 2322 1608 2352 a
1625 2306 1829 2354 sordido

462 2382 615 2449 vulgo
630 2383 686 2430 in
697 2382 783 2446 jus
791 2391 1092 2430 vocarentur
1103 2417 1117 2441 ‚
1137 2380 1243 2453 lege
1257 2382 1421 2429 sanxit
1438 2400 1448 2428 ε
1473 2382 1610 2431 unde
1626 2384 1828 2445 consul,

463 2480 568 2530 quo
592 2461 959 2529 gratificaretur
981 2459 1337 2522 multitudini,
1378 2461 1538 2528 legem
1575 2462 1695 2510 tulit
1714 2500 1726 2523 ‚
1764 2481 1828 2512 ne

462 2540 634 2588 liceret
654 2539 1027 2606 magistratibus
1047 2539 1156 2588 sine
1181 2538 1379 2588 tribuni
1410 2538 1650 2605 suffragio
1670 2543 1828 2590 civem

465 2617 693 2682 plectere.

1570 2944 1672 2978 10²
