2748 3834
821 516 903 549 nn
936 515 1183 551 mamm
1220 516 1405 551 Lvno.
1719 498 1794 558 lxi

416 583 431 598 x
443 607 614 658 liberae
634 609 772 659 illius
788 620 937 675 atque
954 611 1221 660 fortunatae
1235 611 1467 671 Graeciae,
1484 609 1534 658 in
1553 609 1798 673 scriptore

444 697 697 746 inclinata*
736 684 1106 748 consumsisset.
1145 699 1257 747 Nec
1290 705 1476 746 memet
1511 698 1677 761 ipsum
1711 697 1799 747 hic

444 787 716 835 consistere
742 788 930 850 patitur
950 786 1254 851 praefationis
1273 787 1562 835 institutum
1596 801 1607 831 :
1640 803 1797 850 quare

443 873 588 936 siqua
614 882 733 922 sunt
773 882 1007 937 praeterea
1027 913 1040 936 ,
1083 875 1269 939 quibus
1306 874 1461 924 editio
1492 873 1797 923 Schowiana

443 958 700 1009 emendari
738 962 918 1024 possit,
960 962 1089 1011 sicut
1117 970 1264 1024 sunt,
1302 958 1706 1011 ea'commodius
1739 963 1794 1010 in

441 1047 577 1095 notis
616 1046 678 1096 ad
715 1048 904 1097 librum
940 1048 1002 1098 de
1040 1050 1263 1099 Ostentis
1304 1057 1638 1114 exponentur.

507 1227 780 1277 XXVIII.
811 1228 908 1278 Sed
925 1219 1100 1279 illuxit
1118 1229 1318 1279 tandem
1337 1228 1608 1295 aliquando
1627 1229 1790 1278 laetior

437 1315 589 1382 Lydo
619 1315 725 1365 dies
751 1333 795 1364 a.
830 1318 974 1381 1784.
1006 1335 1123 1367 cum
1157 1317 1594 1383 Constantinopoli
1626 1323 1790 1381 ageret

437 1404 853 1455 Christianissimi
911 1407 1040 1471 regis
1095 1406 1156 1455 ad
1210 1415 1405 1472 portam
1447 1406 1789 1456 Othomanam

437 1493 732 1558 splendidus
748 1495 957 1559 legatus,
971 1496 1177 1544 Gabriel
1187 1496 1267 1544 Au
1273 1503 1447 1560 gustus
1460 1494 1521 1545 de
1531 1495 1790 1544 Choiseul·

437 1580 668 1629 Gouffier
686 1618 699 1643 ,
729 1582 1048 1646 publicarum
1071 1600 1242 1632 rerum
1263 1584 1470 1632 scientia
1485 1595 1599 1633 non
1621 1584 1791 1631 minus

439 1664 590 1733 quam
605 1668 760 1734 gloria
774 1670 1022 1734 majorum
1034 1672 1217 1734 clarus,
1242 1679 1292 1732 et
1307 1673 1359 1721 in
1378 1679 1643 1736 utramque
1658 1672 1791 1722 Aca-

440 1758 658 1807 demiam
681 1758 773 1807 illo
789 1760 888 1822 jam
908 1766 1137 1823 tempore
1155 1768 1417 1824 cooptatus
1438 1778 1449 1808 z
1470 1778 1588 1809 cum
1610 1762 1662 1809 in
1682 1777 1792 1810 eam

437 1862 550 1909 quae
566 1845 970 1907 Inscriptionum
989 1846 1291 1908 vocabatur,
1306 1846 1661 1896 eruditissimis
1678 1865 1792 1897 acu-

433 1932 741 1994 tissimisque
768 1930 1070 1978 hominibus
1097 1932 1320 1978 maxime
1345 1936 1468 1980 tunc
1489 1934 1754 1994 florentem
1779 1953 1791 1982 ε

434 2027 546 2068 tum
565 2019 622 2067 in
644 2018 877 2080 alteram,
904 2018 1048 2080 cujus
1065 2017 1476 2088 gloriosollabore
1499 2027 1549 2067 et
1571 2021 1794 2075 Franco-3

433 2127 550 2159 rum
567 2108 726 2157 literae
742 2107 1098 2158 immortaliter
1117 2107 1379 2156 illustratae
1397 2115 1540 2171 sunt,
1568 2115 1616 2156 et
1634 2108 1793 2157 incor-

433 2181 584 2262 rupta
614 2205 689 2246 est
727 2197 977 2246 sermonis
1009 2197 1172 2246 nostri
1212 2197 1472 2261 integritas
1506 2206 1792 2246 constanter

435 2293 744 2335 conservata.
777 2286 829 2333 Is
857 2283 1201 2334 nobilissimus
1233 2286 1317 2335 vir
1336 2323 1350 2348 ‚
1393 2286 1679 2334 liberalium
1717 2303 1790 2335 ar-

431 2375 561 2424 tium
578 2375 846 2438 omnisque
864 2373 1192 2433 humanitatis
1214 2374 1363 2423 laude
1383 2374 1789 2438 commendatus,

435 2480 550 2513 cum
585 2464 639 2511 in
671 2463 837 2527 primo
875 2463 1161 2526 juventutis
1190 2462 1315 2512 flore
1358 2470 1408 2512 et
1448 2464 1790 2513 maximarum

433 2569 605 2602 rerum
634 2569 786 2601 cursu
805 2558 954 2613 esset,
977 2550 1078 2615 jam
1097 2559 1220 2600 tunc
1234 2569 1337 2616 prae
1355 2551 1597 2602 doctrinae
1622 2552 1790 2601 studio

1861 1224 1993 1253 xxvm.

1810 1286 2042 1322 Quoinspento

1829 1343 1897 1362 essu
1919 1333 2021 1362 Codex

1837 1381 2014 1411 Cucolinus

1846 1432 1877 1459 in
1889 1431 2002 1460 Graecin

1810 1481 2040 1518 npudconmn-

1812 1528 1975 1566 tinopolim
2000 1527 2039 1554 sit

1852 1580 2000 1615 repertus.

433 2640 634 2691 delicias
656 2649 950 2706 aspernatus
964 2642 1211 2690 Graeciam
1230 2641 1443 2690 lustrare
1459 2648 1719 2703 statuerat,
1743 2647 1792 2688 et
1826 2643 1833 2648 ’

436 2731 759 2794 antiquorum
790 2731 1061 2780 hominum
1083 2746 1255 2779 manes
1280 2747 1339 2778 ac
1359 2730 1546 2793 species
1576 2730 1789 2776 interro-

438 2827 581 2884 gare,
620 2837 712 2884 per
732 2827 806 2869 tot
835 2821 1066 2878 urbium,
1101 2819 1523 2880 Athenarumque
1539 2819 1788 2889 ipsarum,
