2748 3834
710 511 1092 550 nssn’tmmcu
1124 509 1392 545 nouum!
1426 512 1538 547 mn.
1573 513 1658 547 111.
1768 514 1869 567 209

501 601 767 660 propterea
803 589 946 658 quod
967 625 982 650 ,
1027 587 1273 656 quoniam
1307 586 1372 635 ad
1408 586 1632 639 boreales
1668 599 1870 641 montes

502 671 891 737 Thrasciamque
905 677 1118 718 ventum
1129 665 1352 731 subjecta
1365 664 1697 718 humidorum
1711 667 1871 722 abun..

500 749 674 799 dantia
699 748 940 799 nubilum
960 745 1063 795 fere
1085 760 1284 811 semper
1305 760 1471 793 aerem
1498 743 1657 796 efficit
1675 782 1691 807 ,
1722 751 1874 798 mun

507 828 629 894 ipsis
646 826 940 876 crebrorum
964 823 1211 872 imbrium
1235 828 1338 872 esse
1356 822 1685 872 existimatur.
1702 826 1874 876 Danu-

504 905 651 956 bium
664 916 836 956 autem
851 905 926 955 illi
940 902 1236 954 nubiferum
1251 904 1417 970 patrio
1431 919 1663 953 sermone
1676 910 1874 954 vooent'.

505 986 568 1034 Et
591 984 696 1034 haec
728 983 939 1052 quidem
969 982 1032 1028 de
1063 979 1391 1043 fluminibus,
1415 981 1568 1048 quasi
1600 982 1656 1031 in
1688 981 1879 1049 digres-

506 1063 676 1121 sione,
712 1058 997 1111 secundum
1032 1061 1297 1107 Samocum
1319 1095 1334 1119 ,
1359 1061 1648 1110 Romanum
1675 1059 1876 1111 histori-

506 1155 624 1188 cum
637 1175 651 1199 ‚
675 1140 767 1206 qui
781 1136 845 1186 ad
856 1135 1227 1193 Diocletianum
1240 1144 1289 1186 et
1300 1134 1558 1185 Galerium
1570 1171 1583 1197 ,
1597 1151 1768 1187 senem
1779 1174 1794 1199 ‚
1814 1137 1879 1188 de

509 1219 673 1267 Variis
692 1214 1068 1278 Quaestionibus
1086 1215 1300 1281 scripsit.

577 1293 659 1343 33.
695 1294 1060 1344 Constantinus
1092 1293 1249 1358 igitur
1277 1291 1531 1354 Scythiam
1566 1293 1882 1361 Mysiamque

510 1381 562 1421 et
579 1385 755 1419 earum
774 1369 966 1419 tributa
979 1405 992 1429 ,
1011 1378 1072 1417 ut
1088 1367 1218 1429 dixi,
1235 1367 1472 1435 perdidit.
1497 1370 1692 1437 Syriam
1707 1380 1880 1420 autem

514 1459 671 1499 totam
697 1458 748 1497 et
765 1447 1073 1497 Palaestinam
1097 1449 1226 1509 (una
1244 1462 1364 1496 vero
1387 1455 1461 1496 est
1488 1447 1658 1513 regio,
1683 1465 1740 1497 ac
1773 1449 1884 1498 sin-

511 1527 678 1595 gulari
698 1543 916 1576 numero
935 1524 1241 1593 plerumque
1265 1522 1504 1590 effertur)
1534 1540 1655 1593 cum
1677 1527 1882 1592 provin·

513 1607 614 1655 cias
643 1606 1009 1667 constituisset,
1031 1620 1230 1659 necesse
1258 1604 1307 1652 ei
1337 1601 1463 1664 fuit,
1487 1613 1668 1670 praeter
1687 1602 1883 1665 Libyae',

515 1684 710 1746 Galliae,
732 1683 915 1746 Illyriae
934 1692 985 1732 et
1012 1682 1189 1744 Italiae,
1213 1683 1437 1731 Orientis
1457 1698 1666 1749 quoque
1687 1681 1887 1750 praefec-
1913 1672 1915 1674 ’

516 1770 630 1811 tum
646 1778 812 1811 creare
823 1799 837 1824 ‚
852 1761 1148 1823 meditanti,
1166 1753 1226 1810 ut
1244 1762 1352 1828 ipse
1367 1762 1643 1827 imperator
1658 1762 1713 1809 in
1732 1760 1886 1827 scrip-

516 1842 582 1889 tis
605 1842 711 1889 suis
731 1841 826 1902 ait,
851 1843 1020 1890 Persas
1043 1840 1107 1889 de
1131 1840 1408 1906 improviso
1435 1838 1652 1907 aggredi.
1673 1840 1890 1889 Noverat

516 1920 656 1969 enim
690 1922 1056 1971 Constantinus
1072 1956 1086 1981 ,
1133 1919 1397 1968 literarum
1441 1920 1650 1967 scientia
1671 1954 1687 1979 ,
1733 1926 1889 1984 atque

513 2011 776 2046 armorum
810 2014 912 2043 usu
944 2007 1185 2060 praestans
1216 1997 1416 2070 (neque
1446 1997 1611 2056 enim,
1637 1997 1738 2044 nisi
1773 1995 1892 2062 quis

514 2083 733 2139 utraque
746 2071 955 2121 scientia
966 2072 1213 2120 emineret
1222 2105 1236 2130 ,
1251 2070 1527 2134 imperator
1541 2076 1891 2121 Romanorum

516 2150 834 2214 creabatur),
858 2166 966 2210 non
989 2165 1094 2198 esse
1116 2146 1259 2197 facile
1276 2146 1424 2195 aliter
1435 2149 1605 2196 Persas
1620 2146 1893 2209 debellare,

520 2228 621 2276 nisi
644 2226 817 2274 subito
851 2228 907 2274 in
942 2243 1027 2275 eos
1056 2228 1255 2292 impetu
1281 2224 1428 2272 fact0.
1457 2226 1531 2272 De
1564 2241 1670 2288 quo
1699 2224 1894 2272 librum>

519 2304 829 2372 singularem
845 2303 1042 2366 Celsus,
1056 2307 1316 2354 Romanus
1332 2300 1541 2350 tacticus
1555 2337 1568 2361 ,
1587 2301 1820 2367 reliquit,
1837 2303 1894 2350 in

522 2401 629 2450 quo
655 2384 924 2450 perspicue
945 2382 1116 2443 docet,
1145 2399 1252 2431 non
1284 2381 1430 2430 aliter
1457 2384 1625 2429 Persas
1654 2381 1895 2428 Romanis

520 2455 906 2522 succubituros‚
937 2463 1038 2511 nisi
1066 2471 1275 2529 repente
1304 2455 1360 2510 iri
1388 2476 1567 2510 eorum
1591 2469 1775 2507 terram
1799 2461 1894 2506 Ro-

516 2540 660 2589 mani
682 2538 914 2606 caliginis
931 2540 1090 2588 instar
1111 2539 1312 2589 irruant
1330 2555 1555 2590 :causam
1575 2536 1890 2606 probabilem

522 2618 713 2668 addens
734 2636 745 2666 ε
775 2635 889 2684 quae
908 2629 982 2669 est
1002 2619 1267 2685 ejusmodi.
1322 2655 1329 2661 -

579 2740 631 2791 6)
656 2739 757 2780 Οοᾶ.
772 2741 978 2787 παλεςίνην.

579 2807 626 2860 7)
653 2803 752 2845 cod.
771 2806 1084 2858 προχωρίσσισθαισ

593 2869 773 2925 8)(14380
789 2871 874 2909 καθ’
893 2869 1077 2921 inertem,
1629 2916 1656 2959 ᾖ
1667 2929 1693 2976 7
