2748 3834
558 545 953 587 ‚nmrunmcuz
987 545 1264 579 ROMANAE
1297 547 1396 580 Lm.
1434 549 1495 580 11.
1635 551 1727 601 127

357 622 659 690 permittens
677 655 690 680 ‚
714 619 1017 686 priusquam
1034 626 1086 666 et
1102 617 1300 683 generis
1321 621 1583 673 honestate
1598 632 1651 674 et
1669 622 1731 674 li·

359 700 607 750 beralium
631 697 894 746 literarum
919 695 1068 762 copia
1085 703 1323 757 ornatus,
1347 709 1732 765 novemque-an-

362 795 455 829 nos
474 779 529 827 in
553 775 789 826 codicillo
807 775 974 841 (inter
998 774 1311 841 exceptores)
1343 777 1538 843 egregie
1571 793 1737 828 vem-

362 869 446 907 tus
460 893 474 918 ,
497 866 652 924 atque
667 870 872 917 omnem
894 869 1067 901 rerum
1084 869 1235 904 usum
1252 852 1493 920 adeptus,
1514 854 1733 920 juvenili

363 953 573 1004 quoque
600 932 809 983 audacia
834 933 889 980 in
917 931 1216 981 modestiam
1251 942 1447 982 munta
1470 969 1488 994 ‚
1521 932 1734 986 honoris

342 1026 466 1065 'tam
488 1011 773 1081 splendidi,
806 1020 1049 1077 potestate
1068 1028 1176 1061 non
1199 1028 1351 1078 parva
1368 1022 1421 1061 et
1445 1011 1588 1061 lucro
1609 1012 1734 1063 olim

362 1093 505 1144 mille
527 1107 802 1141 aureorum
830 1089 1097 1157 gaudentis
1113 1128 1127 1152 ,
1154 1091 1344 1158 dignus
1359 1091 1631 1142 videretur.

392 1211 394 1213 .
437 1189 516 1239 ¹9·
548 1173 614 1220 At
630 1168 835 1219 fortasse
850 1169 1207 1237 prudentiores
1230 1170 1479 1220 lectorum
1493 1169 1632 1222 haud
1648 1170 1734 1220 ab·

363 1249 515 1300 surde
534 1258 804 1298 occurrent
821 1283 835 1309 ‚
868 1248 1092 1298 dicentes
1117 1267 1132 1296 :
1157 1248 1286 1315 quid
1305 1248 1512 1299 tandem
1530 1286 1545 1310 ,
1575 1248 1641 1299 de
1658 1250 1737 1299 in-

364 1327 599 1395 signibus
630 1329 953 1394 magistratus
991 1327 1158 1392 dicere
1197 1326 1482 1394 pollicitus,
1528 1342 1638 1379 non
1668 1337 1735 1375 -et

364 1407 666 1456 vexillorum
690 1416 742 1456 et
762 1407 1021 1473 securium
1045 1417 1095 1459 et
1116 1406 1389 1473 palmitum
1416 1407 1737 1464 mentionem

364 1484 555 1534 fecisti?
584 1485 689 1533 haec
715 1487 855 1534 enim
887 1486 1125 1551 magistro
1153 1486 1389 1552 equitum
1412 1485 1542 1539 olim
1567 1483 1737 1549 fuere,

365 1580 461 1630 pro
473 1580 579 1628 quo
592 1562 884 1630 praefectum
896 1566 1129 1630 pmtorio
1142 1566 1343 1631 primus
1350 1565 1739 1637 imperatorumss

366 1644 470 1696 sive
494 1644 772 1702 Caesarum,
792 1643 993 1696 creavit
1014 1645 1171 1692 Fuere
1197 1643 1364 1708 igitur
1372 1676 1388 1703 ‚
1421 1644 1666 1709 inquam,
1668 1652 1737 1695 et

367 1719 471 1780 haec
500 1718 853 1787 praefectorum
876 1721 1127 1787 proetorio
1146 1720 1374 1786 insignia
1403 1719 1469 1772 ad
1497 1721 1737 1774 Domitia-

366 1816 497 1849 num
521 1816 731 1866 usque:
767 1801 825 1849 is
831 1808 1037 1862 autem,
1072 1814 1200 1850 cum
1227 1802 1459 1852 Fuscum
1467 1786 1741 1888 quendam

365 1877 672 1945 praefecturae
684 1879 1063 1945 p'raeposuisoet,
1062 1886 1224 1927 totam
1239 1875 1342 1929 fere
1355 1879 1587 1944 magistri
1591 1878 1743 1946 equi·-

367 1967 480 2006 tum
502 1958 737 2022 muneris
750 1956 1323 2022 ,ιιιειιιοιὴιιιλοιιιίιιιιὶμ
1359 1973 1467 2008 non
1491 1959 1745 2021 securim,

300 2057 302 2059 ·
366 2038 474 2087 non
489 2031 1178 2102 vexillafftnequezpalmiteffi
1204 2023 1743 2107 quos-vocaqt9.relin-

365 2127 545 2178 quens.
555 2153 558 2157 .
567 2113 713 2160 Nam*
727 2107 1004 2177 qui'hodi'e
1021 2108 1504 2180 ae4‚prineipe=fer.tur
1520 2101 1715 2178 palmes
1730 2106 1754 2171 ,'

368 2189 511 2238 nihil
525 2199 704 2256 praeter
722 2206 915 2241 nomen
935 2188 998 2240 de
1015 2190 1331 2256 antiquitate·
1341 2200 1517 2247 servat.
1540 2192 1747 2256 Quippe

367 2277 453 2331 ιιι.
465 2267 618 2326 olim,
656 2269 727 2316 ita
749 2268 1034 2318 etiamnum
1061 2266 1200 2333 apud
1225 2278 1490 2337 armatam.-
1509 2267 1747 2322 militiam

308 2347 311 2350 ’
372 2346 573 2412 primus
584 2345 946 2406 biarchorum,
963 2359 1094 2412 quos
1109 2334 1292 2398 vocant
1303 2347 1531 2413 ,virgam
1537 2334 1748 2411 palmite

371 2439 436 2472 ex
454 2440 584 2472 auro
602 2423 750 2474 facto
756 2424 1193 2493 circumplicatam
1204 2434 1398 2492 gestat
1422 2426 1490 2477 ιιι,
1498 2423 1746 2477 honorem

372 2493 639 2570 quondam
654 2503 782 2556 culti
798 2505 1045 2566 Dionysi
1024 2541 1047 2569 ,
1060 2503 1535 2572 quemadmodum?
1522 2504 1591 2554 ιιι
1590 2519 1750 2570 opere

296 2638 299 2640 ,
375 2581 440 2629 de
457 2582 719 2645 mensibus
727 2582 1049 2649 sufficienter
1066 2585 1408 2652 exposuimus
1396 2584 1653 2633 Securim
1663 2600 1752 2631 au·

380 2665 483 2705 tem
516 2659 610 2707 soli
651 2642 850 2710 consuli
887 2671 937 2710 et
974 2662 1327 2712 consularibus
1369 2662 1749 2728 provinciarum

384 2736 755 2799 magistratibus
787 2732 980 2788 'mutata
1016 2749 1147 2789 aetas'
1162 2733 1402 2807 reliquit,
1456 2739 1754 2789 erubescens

385 2809 551 2871 forte,
593 2823 642 2861 et
682 2814 780 2864 hoc
823 2818 1149 2897 consulatum
1185 2816 1487 2886 ornamento
1523 2803 1751 2906 spoliare.

386 2891 511 2938 Nam
535 2876 712 2939 vexilla
740 2880 965 2959 quidem
976 2914 1118 2944 nunc
1125 2875 1300 2945 solius
1332 2890 1648 2964 imperatoris
1680 2895 1755 2941 in,-
