2748 3834
1007 502 1066 552 iv
1427 505 1935 548 'comnena-Annis

1006 611 1038 661 J
1042 611 1215 660 uniore
1231 606 1358 658 VV.
1377 606 1471 656 CC.
1494 609 1659 669 Coss„
1677 624 1810 655 anno
1827 622 1855 653 a
1875 603 2078 653 Christo
2098 611 2217 654 nato
2239 619 2357 668 qua·

1005 699 1394 764 dringentesimo
1432 694 1758 759 nonagesimo
1793 710 1802 740 :
1835 691 2153 756 parentibus,
2191 702 2356 756 quan-

1004 795 1113 837 tum
1134 786 1314 850 conjici
1333 791 1518 853 potest,
1543 784 1677 831 inter
1696 781 1978 845 municipes
1996 797 2113 828 suos
2131 779 2358 843 locuple-

1003 876 1139 924 tibus
1154 876 1200 922 et
1214 873 1479 938 generosis.
1502 872 1678 920 Primo
1693 877 1742 918 et
1762 869 2009 934 vigesimo
2029 868 2186 917 aetatis
2207 884 2356 928 anno,

1004 963 1193 1011 Christi
1219 962 1307 1011 511
1330 999 1343 1024 ,
1380 961 1548 1009 Felice
1581 960 1762 1022 Gallo,
1795 959 1874 1008 Fl.
1909 956 2227 1007 Secundiano
2261 955 2359 1021 (ut

1006 1051 1213 1101 fortasse
1238 1051 1562 1101 scribendum
1590 1058 1663 1099 est
1682 1068 1775 1115 pro
1795 1048 2085 1099 Secundino
2102 1049 2157 1098 in
2180 1049 2237 1096 P.
2257 1047 2356 1095 Re-

1006 1140 1145 1190 landi
1170 1142 1356 1203 Fastis,
1380 1142 1595 1202 Traject-
1621 1141 1797 1189 Batav.
1827 1138 1955 1201 1715
1980 1173 1994 1197 ‚
2025 1140 2069 1187 8.
2111 1154 2218 1202 pag.
2245 1137 2357 1203 679.

1007 1230 1228 1292 itemque
1244 1228 1378 1293 apud
1395 1229 1617 1292 reliquos
1635 1245 1750 1276 eum
1769 1235 2156 1291 consequentes:
2180 1223 2359 1290 Lydus

1006 1323 1141 1364 certe
1165 1315 1225 1364 de
1250 1317 1522 1380 Magistrat.
1552 1331 1627 1364 111.
1658 1315 1720 1364 26
1740 1352 1754 1379 ,
1795 1332 1902 1379 pag.
1941 1331 2050 1380 192.
2094 1314 2247 1362 habet
2283 1318 2357 1359 Σε-

1006 1406 1252 1463 mumma)
1274 1405 1413 1452 Coss.
1438 1404 1916 1468 Constantinopolin
1938 1402 2267 1468 demigravit,
2284 1402 2359 1450 in-

1004 1510 1105 1556 que
1125 1510 1265 1541 sacro
1286 1493 1469 1556 palatio
1497 1493 1631 1540 inter
1651 1493 1975 1541 Memoriales
1990 1509 2095 1540 esse
2112 1492 2265 1555 coepit
2282 1509 2291 1538 :
2311 1497 2362 1538 et

1006 1578 1170 1643 (quod
1187 1587 1296 1629 tum
1313 1583 1416 1630 otio
1433 1581 1759 1645 abundabat),
1780 1581 2119 1645 philosophiae
2138 1597 2360 1644 praecep-

1003 1673 1111 1713 tore
1135 1668 1208 1715 uti
1228 1668 1420 1732 Agapio
1439 1668 1766 1732 Atheniensi,
1799 1669 1971 1717 Procli
1993 1667 2270 1731 discipulo:
2295 1666 2358 1715 de

1003 1770 1105 1818 quo
1125 1754 1328 1817 Suidas,
1368 1753 1484 1802 edit.
1502 1753 1705 1802 Kuster.
1722 1760 1842 1802 tom.
1865 1771 1909 1816 1,
1945 1773 2055 1819 pag.
2075 1773 2154 1804 22.
2175 1756 2360 1820 Neque

1004 1841 1095 1891 diu
1114 1850 1280 1891 tamen
1302 1844 1487 1891 mansit
1510 1843 1563 1890 in
1590 1843 1690 1890 hoc
1707 1850 1854 1890 statu.
1887 1844 2092 1892 Etenim
2112 1862 2202 1907 per
2220 1845 2358 1893 idem

1004 1936 1202 1994 tempus
1247 1930 1542 1978 Anastasius
1590 1930 1722 1993 Imp.
1770 1929 2074 1979 Praefectum
2113 1932 2358 1981 Praetorio

1003 2019 1150 2080 jussit
1178 2018 1414 2065 Zoticum
1446 2016 1933 2081 Philadelphenum:
1954 2020 2095 2083 cujus
2117 2037 2361 2083 persuasu
2427 2008 2430 2009 ⁷

1006 2113 1057 2154 et
1074 2105 1288 2155 inductu
1304 2106 1451 2155 aliam
1472 2107 1526 2155 in
1550 2122 1651 2172 rep.
1676 2108 1815 2156 viam
1845 2117 2046 2158 secutus
2070 2117 2173 2158 est:
2199 2111 2360 2159 initiis

1006 2192 1211 2258 quidem
1231 2201 1333 2241 tam
1350 2195 1603 2258 prosperis
1623 2233 1636 2258 ,
1663 2203 1718 2244 ut
1736 2197 1792 2244 in
1817 2197 2078 2246 cohortem
2094 2199 2204 2249 sive
2233 2198 2359 2247 Offi-
2409 2252 2412 2254 q

1008 2283 1144 2331 cium
1178 2283 1379 2346 patroni
1402 2291 1634 2349 receptus
1658 2286 1788 2334 circa
1810 2304 2002 2336 annum
2027 2288 2120 2336 512
2164 2288 2182 2352 (
2205 2296 2262 2337 ut
2281 2289 2358 2339 vi-

1007 2369 1216 2434 detur),
1242 2368 1467 2420 celeriter
1489 2391 1594 2422 non
1612 2373 1674 2422 ad
1704 2376 1927 2424 notarios
1963 2376 2117 2425 modo
2150 2376 2355 2442 praefec-

1005 2467 1132 2508 turae
1154 2462 1472 2527 perveniret,
1512 2464 1598 2513 sed
1632 2464 1692 2513 ad
1729 2468 1968 2531 pecunias
1988 2468 2138 2516 etiam
2161 2484 2358 2532 perma-

1004 2565 1123 2612 gnas
1143 2586 1155 2611 ,
1204 2548 1491 2615 solidosque
1542 2545 1720 2602 aureos
1771 2555 2040 2605 conficeret
2081 2574 2110 2604 e
2144 2574 2356 2606 munere

1004 2651 1098 2684 suo
1118 2637 1270 2686 unius
1291 2640 1412 2687 anni
1434 2642 1595 2704 spatio
1615 2641 1678 2691 ad
1692 2643 1832 2692 mille
1856 2662 1866 2692 :
1887 2644 2042 2710 idque
2057 2646 2188 2709 juste
2209 2662 2266 2694 ac
2283 2645 2356 2693 le-

1004 2723 1176 2786 gitime
1195 2765 1208 2789 ,
1248 2728 1678 2792 quemadmodum
1710 2732 1817 2797 ipse
1855 2743 2121 2791 asseverat.
2148 2750 2225 2783 111.
2263 2753 2354 2799 27,

1003 2829 1110 2878 pag.
1131 2817 1240 2881 194.
1265 2818 1376 2868 Nec
1399 2820 1568 2872 minus
1594 2823 1859 2875 commode
1892 2824 1939 2874 ei
1975 2822 2179 2887 cecidit,
2217 2821 2356 2888 quod
