2748 3834
624 522 1000 569 nerrnnmcnz
1034 525 1303 558 nonnus
1337 526 1440 558 nrm
1476 528 1507 558 1.
1686 511 1748 561 85
1809 545 1828 549 <-

388 601 622 649 Solonem
644 600 776 648 hanc
790 637 803 660 ,
821 582 976 666 quam
992 600 1046 646 in
1062 600 1275 664 AEgypto
1294 597 1571 659 didicisset,
1588 598 1748 667 legem

390 678 788 728 Atheniensibus
824 671 1017 727 dedisse
1041 712 1054 735 ‚
1102 685 1161 724 ut
1198 686 1297 724 tres
1339 686 1505 742 partes
1538 678 1752 729 civitatis

394 759 762 806 constituerent
779 774 790 803 ε
815 771 971 803 unam
988 749 1345 819 generosorum
1361 790 1375 814 ,
1389 756 1481 820 qui
1497 756 1753 822 sapientia

390 835 649 900 literisque
670 833 936 891 vacabant3
958 830 1162 879 alteram
1185 846 1362 879 eorum
1377 867 1391 892 ,
1418 834 1510 898 qui
1526 833 1753 899 agricole

389 912 543 960 simul
573 921 624 960 et
647 911 827 958 milites
853 929 867 971 ;
915 910 1111 956 tertiam
1146 908 1390 975 opificum
1413 920 1567 976 atque
1594 912 1751 962 artifi-

387 1006 505 1038 cum
521 1025 535 1049 ,
560 990 736 1038 ceteris
755 987 819 1035 ab
841 986 1036 1034 honore
1056 986 1267 1035 exclusis
1291 1005 1314 1033 :>
1338 1003 1367 1035 e
1383 987 1574 1053 quibus
1596 991 1639 1037 si
1657 991 1751 1055 qui

388 1076 532 1114 erant
578 1064 806 1112 utiliores
832 1100 846 1122 ,
905 1063 1134 1129 agricolis
1178 1063 1457 1130 iisdemque
1502 1065 1752 1116 militibus

386 1144 588 1209 juncti,
626 1142 908 1191 serviebant
935 1179 948 1202 ,
984 1142 1281 1208 bellumque
1313 1153 1363 1191 et
1391 1145 1749 1210 agriculturam

388 1221 715 1274 docebantur.
738 1225 838 1270 Hos
858 1221 970 1269 Itali
1000 1221 1211 1281 tirones,
1239 1223 1382 1287 quasi
1397 1239 1675 1273 aerumnosa
1696 1226 1750 1272 in

387 1300 628 1348 servitute
660 1301 831 1359 tritos,
873 1299 1124 1347 dixerunt.
1162 1298 1488 1349 Athenienses
1521 1302 1658 1349 enim
1696 1303 1750 1349 in

388 1376 641 1443 omnibus.
666 1378 848 1425 imitati
885 1377 1134 1436 Romani,
1173 1385 1234 1423 et
1258 1378 1355 1443 ipsi
1392 1378 1642 1427 civitatem
1683 1379 1751 1426 ita

388 1458 708 1504 constituere.
741 1456 946 1503 Etenim
987 1454 1108 1502 hinc
1135 1471 1342 1520 quoque
1371 1454 1534 1504 tribus
1568 1454 1750 1521 populi

387 1543 552 1599 partes
567 1533 903 1599 adpellavere,
927 1531 1114 1581 scilicet
1128 1549 1157 1580 a
1170 1533 1382 1581 civitatis
1397 1534 1455 1581 in
1473 1542 1571 1581 tres
1585 1543 1752 1611 partes

388 1609 649 1659 divisione

458 1689 537 1744 48.
573 1691 634 1736 Et
657 1687 711 1735 hi
731 1687 939 1754 quidem
966 1688 1208 1754 tanquam
1234 1688 1637 1738 additamentum
1653 1726 1667 1750 ,
1692 1697 1752 1738 ut

388 1764 631 1813 nonnulli
644 1765 871 1814 historici
885 1764 1112 1814 referunt
1120 1786 1138 1825 ·,
1156 1783 1184 1813 a
1197 1768 1356 1823 Mario
1368 1803 1381 1826 ‚
1397 1769 1489 1833 qui
1505 1778 1753 1828 tyrannus

385 1853 556 1908 postea
576 1844 730 1892 evasit
744 1847 770 1903 ‚'
787 1844 1066 1891 constituti.
1085 1844 1264 1892 livero
1279 1880 1292 1903 ,
1314 1845 1407 1909 qui
1434 1844 1552 1892 inde
1576 1844 1641 1893 ab
1663 1845 1754 1892 ini·

385 1921 470 1968 tio
485 1922 779 1986 magistrum
799 1920 1034 1984 equitum
1051 1921 1234 1979 secuti,
1258 1923 1523 1968 communi
1543 1923 1753 1993 nomine

300 2048 302 2050 ,
386 2001 610 2064 promoti
645 1998 883 2059 adpellati
916 2008 1072 2046 sunt·
1102 2015 1325 2060 quorum
1360 2011 1504 2047 erant
1533 2012 1755 2066 quatuor

384 2073 620 2132 ordines,
655 2069 888 2130 biarchi,
925 2068 1222 2131 ducenarii,
1258 2074 1618 2122 centuriones..

411 2150 627 2200 .decem
650 2148 876 2207 tribuni,
901 2146 1005 2194 duo
1028 2147 1291 2209 consules,
1316 2160 1428 2198 octo
1446 2161 1682 2216 praetores
1705 2164 1754 2202 et

385 2245 468 2278 sex
491 2227 656 2276 aediles
677 2235 878 2274 tantum
903 2226 958 2271 in
984 2224 1111 2272 urbe
1143 2225 1429 2273 manebant.
1465 2229 1575 2275 Haec
1613 2233 1753 2277 Pom-

306 2338 309 2341 <
387 2306 618 2371 ponius„
649 2304 874 2362 evitata,
907 2311 966 2349 ut
988 2301 1227 2362 videtur‚.
1260 2306 1402 2369 copia
1435 2314 1485 2353 et
1518 2306 1754 2363 varietate

387 2383 620 2431 historiae.
647 2380 899 2447 Ulpianus
931 2390 1111 2436 autem
1133 2381 1188 2427 in
1214 2381 1275 2428 iis
1297 2418 1311 2441 ,
1355 2399 1467 2447 quae
1496 2383 1752 2444 Protribu-

386 2460 519 2510 nalia
542 2459 896 2508 inscribuntur
910 2495 933 2519 ,.
970 2457 1210 2506 subtilius
1235 2459 1297 2507 de
1324 2460 1623 2527 praetoribus
1654 2462 1751 2510 dis-

388 2539 545 2588 seruit
565 2573 579 2598 ,
617 2536 741 2586 alios
772 2535 1031 2584 tutelarios
1046 2573 1060 2595 ‚
1106 2535 1230 2584 alies
1266 2536 1752 2588 fideicommissarios

389 2609 679 2678 adpellans':
708 2613 770 2661 de
795 2613 1008 2679 quibus,
1042 2615 1287 2680 quoniam
1312 2615 1465 2665 semel
1495 2616 1750 2683 abrogati,

391 2688 537 2736 nolui
560 2705 967 2738 commemorare.

458 2765 538 2829 49.
572 2767 817 2839 ΙξιΡοεὶτίε
837 2767 1210 2832 magistratibus
1226 2805 1239 2829 ‚
1259 2786 1481 2835 quorum
1498 2807 1511 2830 ‚
1531 2771 1595 2819 ab
1614 2773 1749 2818 incu-

392 2841 594 2891 nabulis
618 2844 851 2893 Romanae
873 2846 1160 2911 reipublicae
1195 2848 1743 2899 ad‘mansuetissimum
