2748 3834
671 678 743 712 Lyn
761 683 847 701 senec
865 683 899 702 us

755 618 813 642 111,

687 722 865 752 calamitosa.

921 514 972 575 vj
1340 518 1849 556 coMMEN'rAntus

988 621 1083 667 III.
1122 619 1198 667 Ac
1240 615 1482 663 hactenus
1524 610 1732 674 quidem
1775 610 1946 657 omnia
1979 610 2026 657 ei
2063 608 2130 658 ex
2162 625 2270 657 sen-

921 707 1072 754 tentia
1101 722 1110 751 :
1137 719 1319 752 verum
1354 698 1561 748 videtur
1586 695 1893 746 conditionis
1913 697 2018 759 ejus
2041 712 2271 746 commu-

917 795 1038 856 tatio
1068 808 1172 840 esse
1194 789 1323 839 facta
1345 795 1459 854 post
1482 805 1522 835 a.
1558 787 1678 849 518,
1719 803 1822 850 quo
1844 786 2138 835 Anastasius
2159 785 2271 834 Au-

914 890 1089 947 gustus
1131 887 1347 929 mortem
1387 877 1514 926 obiit
1543 894 1552 924 :
1586 876 1672 926 vel
1706 883 1914 940 propter
1937 882 2270 939 patronorum

914 979 1131 1021 mortem
1165 984 1486 1019 recessumve
1510 984 1538 1015 a
1563 982 1665 1030 rep.
1703 983 1713 1012 z
1740 965 1824 1014 vel
1848 963 1985 1029 quod
2010 963 2143 1028 apud
2169 981 2269 1028 po-

914 1069 1075 1110 tentes
1109 1060 1343 1109 homines
1368 1056 1675 1107 suboffendit
1708 1076 1718 1101 z
1752 1056 1838 1105 vel
1862 1053 2002 1120 quod
2025 1055 2119 1103 sub
2142 1054 2172 1101 J
2176 1070 2270 1102 us-

912 1150 1108 1199 tiniano
1130 1149 1369 1198 universa
1391 1144 1693 1195 Praefectura
1723 1160 1971 1194 concursu
2015 1143 2270 1191 calamita-

911 1247 1024 1288 tum
1045 1239 1278 1302 malaque
1309 1234 1634 1300 quorundam
1668 1231 2104 1282 administratione
2134 1231 2271 1279 labe-

913 1327 1095 1377 factata
1134 1334 1207 1375 est
1233 1364 1247 1389 ‚
1292 1332 1445 1388 atque
1491 1323 1754 1372 convulsa.
1791 1323 1867 1370 Ita
1900 1338 2106 1370 cursum
2147 1321 2270 1384 qui-

910 1416 1026 1466 dem
1052 1415 1338 1464 officiorum
1357 1419 1492 1461 recte
1512 1412 1676 1461 tenuit
1692 1449 1705 1473 ‚
1730 1412 1824 1459 sub
1849 1410 2106 1459 Praefectis
2121 1411 2269 1458 Praet.

907 1503 1016 1567 his,
1045 1504 1253 1552 Marino
1274 1503 1406 1566 Syro
1437 1518 1479 1548 a.
1513 1500 1639 1565 519,
1678 1499 1915 1563 Appione
1945 1499 2195 1563 AEgyptio
2222 1515 2266 1546 a.
2334 1548 2351 1553 -

907 1591 1030 1654 520,
1078 1589 1425 1638 Demosthene
1448 1607 1490 1636 a.
1518 1588 1609 1635 521
1665 1586 1854 1650 (quem
1894 1585 2063 1635 laudat
2086 1600 2162 1633 111.
2187 1588 2266 1633 42.

904 1694 1013 1742 pag.
1042 1678 1199 1739 226),
1233 1675 1511 1734 Theodoro
1533 1683 1584 1724 et
1607 1676 1860 1725 Archelao
1883 1692 1924 1723 a.
1952 1675 2069 1737 524,
2113 1676 2269 1723 Mena

902 1783 944 1814 a.
969 1765 1064 1813 528
1079 1801 1092 1826 ,
1115 1763 1328 1813 Atarbio
1346 1780 1388 1810 a.
1409 1762 1507 1826 529
1522 1799 1534 1823 ‚
1569 1761 1601 1809 J
1606 1761 1778 1812 uliano
1794 1770 1843 1810 et
1860 1763 1891 1810 J
1894 1781 2058 1812 oanne
2075 1764 2266 1828 Cappa·

901 1851 1027 1900 doce
1045 1868 1085 1898 a.
1109 1851 1204 1898 550
1218 1886 1233 1911 ,
1258 1849 1433 1897 Phoca
1451 1857 1500 1896 et
1516 1850 1670 1897 Basso
1699 1866 1742 1896 a.
1771 1850 1867 1899 555
1883 1888 1896 1911 ‚
1924 1851 1956 1896 J
1958 1852 2122 1898 'oanne
2144 1852 2269 1914 Cap-

902 1937 1090 2002 padoce
1119 1938 1306 1985 iterum
1330 1952 1372 1983 a.
1401 1935 1527 1997 554,
1570 1935 1842 1985 Theodoto
1873 1954 1914 1985 a.
1952 1936 2071 1999 541,
2111 1938 2267 1986 Petro
2315 1997 2318 2002 4

901 2028 1136 2077 Barsame
1153 2063 1167 2088 ‚
1205 2025 1283 2074 Pl.
1309 2024 1447 2089 Cyro
1465 2061 1479 2087 ,
1501 2023 1819 2085 Are'obindo,
1843 2025 2105 2087 Gabriele,
2130 2026 2266 2074 Dio·-

904 2114 1065 2177 mede,
1087 2113 1390 2179 HephaestO,
1410 2114 1624 2179 aliisque
1647 2115 1914 2179 permultis
1934 2133 1944 2163 :
1966 2114 2104 2180 quod
2119 2116 2151 2163 J
2153 2115 2268 2164 usti-

902 2206 1087 2256 nianus
1118 2210 1204 2266 (ut
1227 2205 1330 2254 fere
1354 2205 1445 2269 fit)
1482 2204 1732 2255 exhausto
1755 2206 1932 2256 aerario
1955 2206 2266 2271 remedium,

902 2295 1042 2361 quod
1077 2295 1133 2343 in
1173 2292 1519 2343 moderatione
1560 2290 1694 2359 erat,
1732 2312 1791 2344 ac
1829 2296 2164 2360 parsimonia,
2208 2297 2265 2346 in

904 2385 1078 2434 crebra
1095 2385 1350 2449 quaerebat
1365 2383 1733 2434 Praefectorum
1755 2384 2182 2446 commutatione:
2203 2382 2265 2433 ad

889 2472 1327 2538 Augustalitatem
1347 2490 1557 2539 quoque
1571 2511 1584 2537 ,
1606 2481 1762 2539 atque
1775 2471 1898 2523 adeo
1913 2473 2266 2540 progrediente
2351 2475 2355 2476 ⁷

900 2569 1043 2612 aetate
1065 2562 1127 2611 ad
1147 2563 1481 2612 Corniculum
1509 2549 1787 2629 pervenit,
1807 2564 1898 2628 qui
1922 2570 2027 2612 erat
2045 2563 2265 2613 militan-

899 2651 1032 2701 tium
1067 2652 1125 2699 in
1163 2652 1362 2710 scriniis
1390 2651 1573 2716 gradus
1595 2670 1713 2702 cum
1738 2652 2081 2718 amplissimus
2099 2689 2113 2715 ,
2152 2659 2266 2701 tum

883 2738 1081 2800 retiam,
1120 2738 1335 2787 florente
1361 2740 1608 2790 Praetorio
1632 2779 1646 2804 ,
1689 2742 1915 2791 maxime
1956 2739 2265 2791 fructuosus.

906 2827 1256 2876 Tribuebatur
1279 2829 1417 2878 enim
1438 2848 1529 2896 per
1549 2849 1781 2882 annuum
1808 2831 2044 2898 spatium,
2065 2847 2159 2896 pro
2183 2829 2272 2881 mi·
