2748 3834
947 503 1073 554 xxvj
1368 503 1877 540 coMMuN'rAntUs

948 603 1174 652 Conrado
1193 598 1533 647 Rittershusio
1553 596 1607 640 in
1628 593 1863 639 versione
1896 593 1945 638 S.
1982 592 2167 640 Isidori
2193 595 2290 640 Pe-

948 694 1136 740 lusiotae
1156 683 1375 744 Lib.IV,
1396 683 1536 745 epist.
1562 680 1671 742 145,
1694 678 1808 727 edit.
1828 680 1985 727 Paris.
2013 681 2156 729 1658.
2179 681 2292 729 F01.

943 794 1047 842 pag,
1083 776 1195 840 493.
1228 774 1284 820 Β.
1320 771 1408 819 ubi
1441 770 1596 818 Verba
1613 806 1627 831 ‚
1671 771 1734 814 καὶ
1755 773 1820 818 τὴν
1850 771 1888 814 ἐν
1916 773 2036 832 κυρίῳ
2062 771 2191 831 ὑγείαν
2227 774 2290 816 καὶ

943 871 1130 929 σωτηριῗιν
1145 874 1211 915 τῆς
1226 865 1406 912 εὐσείῗοῦς
1422 862 1527 921 ὑμῶν
1548 859 1744 917 βασιλείοις
1763 895 1775 915 ,
1799 857 1899 906 hoc
1916 866 1988 905 est
2007 895 2020 919 ‚
2047 862 2290 921 integram

942 962 994 1004 in
1011 958 1227 1004 Domino
1245 952 1577 1000 valetudinem
1601 951 1906 1013 salutemque
1922 952 2028 1013 piae
2041 951 2291 1011 Majesta-

943 1050 1005 1093 tis
1023 1055 1195 1094 vestrae
1206 1077 1225 1100 ,
1250 1037 1468 1086 reddidit
1493 1056 1501 1084 :
1523 1055 1708 1086 necnon
1724 1042 1987 1088 sanitatem
2012 1049 2057 1085 et
2077 1041 2289 1086 salutem

937 1136 1013 1195 pic·
1040 1132 1188 1178 vestri
1209 1128 1418 1190 imperii.
1443 1127 1572 1174 Item
1600 1127 1859 1175 Richardo
1887 1127 2207 1176 Montacutio
2236 1126 2291 1173 in

941 1221 1181 1267 celebrata
1200 1216 1432 1280 epistola,
1451 1235 1604 1280 quam
1618 1218 1746 1266 Divi
1760 1217 1952 1265 Juliani
1969 1217 2153 1266 volunt
2170 1232 2292 1275 esse,

940 1309 1070 1372 Opp.
1087 1307 1135 1354 S.
1157 1305 1304 1352 Basil.
1326 1306 1474 1353 Tom.
1491 1306 1558 1352 II.
1577 1306 1735 1354 Paris.
1758 1305 1901 1369 1618,
1920 1306 2030 1353 Fol.
2050 1321 2155 1368 pag.
2174 1305 2290 1370 995.

939 1399 999 1445 A.
1028 1405 1124 1459 ἅπερ
1148 1405 1192 1456 τῇ
1230 1396 1299 1455 ἐμῇ
1339 1395 1517 1454 βασιλείᾳ
1548 1399 1723 1459 ἁρμόζει·
1757 1395 1896 1454 sive,
1944 1401 2001 1442 ut
2035 1394 2091 1442 in
2129 1394 2291 1440 Bene·
2368 1424 2371 1425 ν

938 1483 1110 1530 dictin.
1146 1482 1260 1530 edit.
1306 1482 1491 1546 legitur
1537 1483 1669 1548 Opp.
1712 1484 1760 1531 S.
1800 1483 1951 1531 Basil.
2002 1483 2151 1529 Tom.
2194 1480 2291 1527 III.

939 1573 1091 1620 Paris.
1121 1571 1261 1634 1750.
1290 1572 1402 1620 Fol.
1437 1589 1544 1637 pag.
1567 1574 1677 1621 125.
1703 1573 1759 1619 B.
1790 1581 1888 1635 ἅπερ
1909 1580 1953 1632 τῇ
1977 1572 2047 1632 ἐμῇ
2069 1573 2203 1632 πρέπει
2222 1569 2296 1627 βα·

936 1666 1069 1719 σιλείᾳ.
1100 1662 1197 1709 Sed
1229 1669 1286 1709 ut
1312 1670 1540 1711 revertar
1565 1662 1626 1710 ad
1658 1662 1847 1710 Leonis
1876 1661 2047 1708 locum
2069 1698 2083 1722 ‚
2109 1658 2292 1709 videor

932 1748 1060 1800 mihi
1084 1749 1202 1797 inde
1225 1751 1507 1814 perspicere
1534 1751 1792 1814 primum,
1827 1748 1964 1814 Lydi
2003 1750 2193 1797 librum
2231 1747 2292 1795 de

933 1837 1157 1884 Ostentis
1179 1837 1625 1901 Constantinopoli
1646 1839 1782 1902 apud
1808 1839 2185 1886 mathematicos
2203 1854 2296 1886 ne-

932 1943 1032 1989 que
1052 1926 1397 1989 improbatum
1421 1926 1577 1974 fuisse
1597 1926 1698 1974 illis
1725 1927 2057 1990 temporibus,
2083 1944 2177 1974 nec
2197 1926 2294 1974 for·

934 2023 1058 2065 tasse
1091 2023 1350 2081 tantopere
1380 2015 1755 2081 infrequentem
1804 2034 1814 2062 ι
1849 2033 1968 2063 nam
1998 2017 2294 2064 nominatur

936 2108 1273 2156 communiter
1286 2126 1402 2157 cum
1424 2107 1807 2172 Quadripertito
1831 2107 2120 2168 Ptolemaei,
2150 2107 2292 2155 Phae-

933 2198 1266 2260 nomenisque
1283 2197 1443 2259 Arati,
1465 2195 1887 2260 frequentissimis
1907 2213 2024 2244 sane
2040 2197 2095 2243 in
2110 2196 2294 2243 biblio·

934 2287 1117 2347 thecis,
1149 2294 1259 2335 tum
1284 2304 1401 2335 cum
1429 2286 1537 2335 haec
1566 2286 1804 2334 scriberet
1823 2287 1929 2334 Leo
1963 2303 1974 2332 :
2010 2285 2100 2349 qui
2134 2286 2295 2349 impe-

936 2385 1068 2424 rator
1092 2376 1250 2425 factus
1271 2384 1344 2424 est
1361 2394 1495 2424 anno
1517 2375 1627 2424 886.
1652 2375 1837 2439 Neque
1856 2374 2088 2438 sequenti
2110 2374 2293 2421 saeculo

934 2464 1123 2514 librum
1152 2466 1211 2515 de
1232 2466 1611 2531 Magistratibus
1630 2482 1694 2513 ex
1716 2482 1814 2512 usu
1837 2465 2171 2526 manibusque
2195 2463 2292 2511 ho-

938 2553 1134 2601 minum
1155 2573 1361 2618 prorsus
1386 2555 1653 2604 evanuisse
1670 2548 1691 2617 ,Χ
1718 2560 1894 2601 auctor
1918 2560 1990 2599 est
2016 2552 2202 2598 Leonis
2232 2551 2294 2598 fi-

938 2641 1037 2690 lius
1056 2681 1067 2705 ,
1095 2644 1454 2694 Constantinus
1475 2644 1965 2708 Porphyrogenneta
1982 2679 1995 2703 ,
2030 2642 2119 2705 qui
2142 2641 2292 2705 impe-

938 2732 1073 2780 ravit
1099 2735 1157 2781 ab
1191 2753 1325 2783 anno
1352 2752 1446 2801 912
1474 2734 1534 2782 ad
1561 2751 1751 2781 annum
1774 2734 1885 2798 959.
1923 2733 2161 2795 Namque
2187 2733 2292 2796 ejus

939 2822 1170 2870 meminit
1188 2824 1243 2871 in
1260 2824 1390 2874 libro
1411 2824 1472 2873 de
1489 2823 1846 2886 Thematibu5‚
1866 2822 2143 2873 novissime
2158 2821 2292 2870 edito
