2748 3834
904 488 958 536 xl
1332 502 1819 536 COMMENTARIUS

903 603 1088 647 relictis
1113 600 1302 647 Allata·
1324 600 1511 643 chartis
1535 600 1833 657 descriptam
1848 633 1866 654 ‚
1895 603 2029 660 qaod
2055 601 2248 647 Claris-

902 692 1056 733 simus
1087 695 1133 730 et
1150 685 1515 729 eruditissimas
1538 683 1692 728 abbas
1720 686 1979 731 Mar-inias
1998 722 2016 743 ,
2049 689 2247 736 archivi

903 775 1140 821 Vaticani
1167 773 1437 833 praefectus
1467 807 1487 829 ,
1527 773 1652 817 mihi
1689 775 2042 834 perlegendum
2089 775 2242 821 dedit.

897 859 1059 922 quue
1081 859 1338 922 exemplar
1356 897 1368 920 ‚
1395 875 1509 906 cum
1532 858 1781 922 insignem
1811 862 1915 923 ejus
1937 862 2157 910 valorem
2184 880 2240 910 ac

898 947 1164 994 utilitatem
1194 947 1510 1010 perspiceret,
1550 963 1664 994 cum
1693 948 1876 996 Codice
1905 965 2130 997 CLXXVII
2162 952 2240 998 Bi-

895 1034 1158 1081 bliothecae
1174 1033 1456 1080 Barberinae
1473 1037 1650 1096 (quem
1669 1052 1773 1100 pag.
1786 1038 1975 1100 xxxvj.
1989 1038 2089 1085 No.
2108 1055 2129 1086 1
2153 1057 2242 1102 po-

895 1121 997 1176 sui)
1022 1121 1291 1167 contulisse
1317 1137 1421 1167 sese
1441 1119 1714 1170 SchoWius
1730 1122 1917 1170 ibidem
1936 1124 2016 1170 ait.
2041 1125 2116 1171 Ita
2139 1143 2238 1173 ma—

892 1209 1048 1269 jorem
1072 1208 1203 1255 lianc
1224 1209 1478 1272 epitomen
1497 1247 1509 1271 ‚
1540 1210 1601 1258 de
1622 1228 1720 1274 qua
1742 1213 1841 1273 jam
1862 1211 2053 1259 dudum
2076 1213 2237 1276 loqui-

894 1313 1009 1343 mur
1030 1332 1040 1353 ‚
1066 1296 1292 1359 quinque
1318 1297 1372 1346 In
1394 1299 1766 1363 exemplaribus
1792 1307 1961 1348 extare
1978 1337 1989 1359 ,
2011 1302 2095 1351 vel
2117 1303 2237 1351 exti-

894 1384 1011 1431 tisse
1030 1421 1043 1446 7
1071 1384 1284 1448 intelligi
1298 1392 1474 1449 potest.

961 1565 1173 1614 XVIII.
1211 1566 1385 1615 Venio
1404 1566 1465 1616 ad
1487 1569 1824 1618 minusculam
1844 1588 1853 1616 ε
1878 1585 2030 1633 quam
2045 1567 2100 1615 in
2118 1567 2238 1616 solis

802 1649 831 1668 ἐ
895 1652 1092 1702 duobus
1114 1671 1373 1720 superesse
1401 1663 1540 1720 puto.
1573 1659 1696 1706 Uno
1734 1657 1856 1705 Cod.
1897 1655 2127 1705 Palatino
2164 1655 2240 1703 Bi—

892 1743 1071 1791 blioth.
1089 1745 1351 1793 Vaticanae
1372 1745 1473 1792 No.
1502 1761 1627 1794 CXLI
1646 1783 1658 1808 ‚
1687 1764 1713 1794 a
1729 1744 1969 1794 SchoWio
1982 1744 2093 1791 loco
2108 1744 2241 1792 citat.

894 1835 1178 1881 Bibliotlzek
1222 1836 1311 1879 der
1350 1835 1483 1878 alten
1544 1840 1634 1879 etc.
1687 1849 1792 1895 pag.
1833 1835 1893 1879 25
1927 1840 2205 1880 memorato
2229 1851 2240 1881 :

893 1921 1049 1969 altero
1074 1929 1246 1969 nostro
1271 1919 1431 1981 Regio
1457 1919 1557 1965 No.
1596 1920 1735 1983 1409.
1765 1920 1918 1976 (olim
1950 1934 2236 1965 MOLXXXV.

896 2024 1038 2072 1299.
1063 2005 1241 2068 5567.)
1264 2004 1351 2052 fol.
1371 2023 1430 2068 77
1453 2018 1580 2052 recto
1597 2034 1613 2039 -
1631 2006 1709 2054 84.
1737 2015 1862 2053 recto
1901 2006 1981 2052 Ex
2013 2005 2111 2052 hoc
2134 2007 2238 2052 Re—

892 2096 972 2159 gio
990 2094 1174 2143 Codice
1189 2093 1460 2142 Salmasius
1476 2094 1646 2143 locum
1668 2094 1729 2142 de
1754 2095 1915 2143 tribus
1949 2093 2096 2158 Eryli
2120 2093 2233 2142 ani-

890 2184 987 2231 mis
1004 2183 1199 2243 hausit,
1235 2170 1307 2228 &a
1338 2170 1490 2244 Ιῖρυλον
1511 2186 1575 2229 τὸν
1594 2186 1679 2247 περὶ
1701 2173 1851 2230 Ῐταλιάν
1873 2210 1890 2217 -
1906 2185 1984 2229 οἷον
2020 2192 2086 2234 τῆς
2119 2185 2234 2243 ὕλης,

889 2274 1004 2317 ἐστίν·
1026 2269 1132 2319 vid.
1149 2269 1271 2316 Not.
1299 2275 1348 2315 et
1364 2268 1696 2319 animadvers.
1717 2271 1773 2318 in
1790 2272 2001 2335 Epictet.
2033 2277 2080 2317 et
2109 2270 2234 2317 Sim-

889 2359 1004 2423 plic.
1022 2357 1260 2422 Lugduni
1278 2359 1449 2408 Batav.
1467 2357 1608 2414 1640.
1631 2360 1674 2407 4.
1693 2376 1800 2423 pag.
1822 2358 1916 2406 255
1940 2376 1949 2404 :
1972 2375 2036 2407 ex
2058 2357 2233 2406 eodem

889 2449 1137 2498 Boivinus
1165 2447 1432 2496 Chaldaica
1457 2448 1682 2510 oracula,
1714 2449 1897 2496 inserta
1922 2449 1977 2496 in
2005 2455 2147 2495 notas
2172 2446 2233 2494 ad

888 2538 1239 2603 Nicephorum
1268 2538 1545 2602 Gregoram
1581 2536 1696 2585 edit.
1733 2539 1858 2602 Reg.
1893 2537 2050 2586 Paris.
2089 2553 2231 2601 1702.

888 2628 999 2676 Fol.
1029 2628 1117 2675 Est
1144 2634 1311 2675 autem
1331 2626 1439 2674 haec
1458 2626 1693 2690 Epitome
1718 2626 1771 2675 in
1791 2625 1911 2674 Cod.
1932 2626 2093 2689 Regio
2113 2642 2234 2673 ano-

887 2732 1071 2780 nyma,
1104 2715 1158 2763 in
1180 2715 1409 2762 Palatino
1435 2715 1701 2762 ascribitur
1723 2715 1959 2764 Maximo
1993 2712 2229 2762 Planudi.

887 2807 1091 2870 Incipit,
1103 2795 1176 2855 ὅτι
1190 2793 1343 2869 Ϊὲρυλον
1362 2809 1427 2854 τὸν
1448 2808 1534 2869 περὶ
1550 2793 1715 2852 Ῐταλιάν·
1732 2804 1915 2853 desinit
1930 2805 1984 2853 in
1997 2804 2155 2867 capite
2170 2802 2230 2849 de

1969 2893 2238 2958 fulgurum
