2748 3834
612 541 973 575 nmrunmcnz
1009 540 1284 572 nonnuli
1320 539 1429 572 mn.
1467 540 1528 572 11.
1574 528 1579 534 '
1643 522 1734 572 133

365 632 588 682 cumque
608 631 761 680 super
782 610 1047 671 chlamyde
1062 618 1215 675 caput
1228 612 1392 656 aestiva
1410 621 1543 661 veste
1555 612 1739 679 ,quasi

364 697 487 743 vitta
499 731 511 754 ,
530 693 766 741 cinxisset
779 727 793 751 ,
811 689 1121 756 capillosque
1137 686 1397 753 calyptrae',
1415 686 1576 735 veluti
1593 691 1738 738 Pom-

369 774 473 840 peii
497 772 746 838 parasitus
780 767 1063 817 secundum
1100 764 1426 814 Plutarchum
1449 801 1463 825 ,
1508 766 1638 827 sive,
1680 777 1741 817 ut

366 867 545 902 verum
576 849 833 907 dicamus,
857 845 1017 895 veluti
1041 861 1197 893 scenae
1219 845 1472 910 magistri,
1500 845 1740 896 involvis-

366 941 467 992 set,
501 932 555 979 in
580 929 750 988 aulas,
791 942 917 993 quas
954 927 1059 991 ipse
1088 924 1185 972 sibi
1215 923 1573 986 aedificaverat,
1616 924 1737 976 fere-

367 1010 519 1059 batur
540 1027 550 1056 :
575 1022 795 1074 quarum
821 1006 862 1053 si
888 1004 1004 1070 quis
1027 1003 1281 1051 luxuriam
1302 1002 1424 1052 velit
1439 1013 1489 1052 et
1506 1003 1739 1054 aedificio-

367 1104 485 1135 rum
519 1083 951 1152 magnificentiam
998 1081 1307 1143 describere3
1354 1084 1586 1131 Sesostris
1633 1101 1738 1132 una

367 1166 661 1230 Amasisque
684 1173 733 1211 et
756 1162 972 1210 aliorum
994 1159 1245 1226 mausolea
1264 1176 1320 1208 ac
1339 1161 1626 1227 pyramides
1643 1199 1655 1221 ,
1688 1173 1739 1211 et

369 1250 690 1311 quoecu‘nque
713 1241 808 1289 alia
827 1249 1251 1298 commemorant,
1274 1240 1365 1304 qui
1386 1240 1737 1307 AEgyptiorum

368 1320 659 1388 superbiam
685 1319 844 1367 literis
862 1317 1129 1384 prodidere
1145 1354 1158 1376 ,
1188 1315 1409 1365 modesta
1433 1333 1489 1365 ac
1516 1318 1737 1384 philoso-

368 1399 500 1468 phos
523 1399 752 1448 decentia
773 1396 1029 1447 domicilia
1049 1395 1307 1463 adpellans
1324 1433 1337 1455 ‚
1362 1413 1468 1445 non
1488 1394 1703 1447 falletur.

440 1496 518 1526 22.
555 1482 722 1526 Restat
738 1514 750 1537 ,
794 1475 934 1542 quod
974 1491 1127 1541 supra
1165 1475 1494 1540 promisimus
1511 1514 1524 1537 ,
1579 1487 1639 1525 ut
1677 1477 1741 1526 de

370 1554 540 1603 officio
564 1554 872 1620 explicemus
886 1590 899 1613 ‚
931 1553 1080 1618 quale
1101 1552 1361 1618 quondam
1381 1553 1487 1624 sub'
1503 1556 1741 1620 magistro

372 1635 606 1699 equitum
630 1632 811 1692 fuerit,
846 1641 896 1679 et
919 1641 1034 1698 post
1054 1630 1201 1679 illum
1221 1630 1371 1696 quale
1390 1631 1487 1679 sub
1510 1632 1742 1698 praefecto

371 1714 594 1778 praetorii
619 1712 839 1760 extiterit
861 1747 873 1770 ,
918 1727 1012 1758 nec
1036 1727 1141 1758 non
1166 1709 1228 1758 de
1260 1709 1493 1776 catalogis
1515 1711 1741 1775 ejusdem

369 1790 899 1857 adpellationibusque
924 1800 974 1837 et
994 1786 1297 1837 muneribus
1315 1826 1328 1848 ,
1355 1789 1520 1855 deque
1539 1808 1742 1840 consue·

370 1869 551 1918 tudine
565 1880 614 1918 et
629 1869 999 1926 instrumentis,
1011 1869 1360 1933 institutisque
1371 1869 1432 1939 ad
1451 1868 1740 1918 chartarum

368 1949 788 2014 compositionem
806 1945 1174 2012 spectantibus,
1199 1955 1352 2011 atque
1368 1949 1584 1996 omnino
1598 1985 1610 2007 ,
1631 1965 1743 2014 quae

298 2049 300 2051 *
365 2024 430 2071 ad
453 2041 546 2071 nos
574 2040 738 2088 usque
766 2033 985 2081 servata,
1027 2024 1306 2089 imminuto
1342 2025 1665 2087 magistratu,
1692 2035 1744 2073 et

366 2099 560 2161 officio,
584 2105 700 2166 qnae
716 2102 762 2148 ei
777 2100 1049 2167 adparebat
1065 2138 1078 2161 ,
1093 2100 1313 2166 collapso
1327 2137 1340 2160 ‚
1358 2095 1462 2148 una
1482 2102 1718 2150 interiere
1729 2107 1751 2163 ,'

367 2197 433 2227 ne
466 2196 584 2252 cum
616 2181 839 2246 vestigiis
872 2181 1192 2245 antiquitatis
1216 2181 1323 2245 ipsa
1349 2197 1557 2244 quoque
1584 2183 1742 2230 virtu-

368 2266 480 2304 tum
500 2258 781 2316 memoria»,
817 2259 1010 2323 quippe
1041 2257 1200 2304 literis
1227 2273 1333 2303 non
1366 2257 1599 2305 mandata
1618 2295 1630 2318 ,
1661 2276 1743 2324 pe-

303 2339 307 2342 ’
371 2336 512 2382 nitus
550 2335 889 2400 extinguatur.
926 2337 1137 2382 Interim
1169 2333 1288 2383 vero
1322 2334 1544 2399 reliquos
1573 2337 1742 2402 reipu-

368 2413 510 2461 blicae
528 2415 847 2478 magistratus
864 2430 1138 2479 persequar
1153 2450 1166 2473 ,
1204 2429 1260 2460 ac
1279 2424 1533 2478 postremo
1552 2415 1743 2464 scilicet

369 2491 637 2556 proprium
660 2491 722 2539 de
744 2490 913 2539 officio
939 2491 1170 2539 libellum
1198 2507 1500 2557 componam
1536 2510 1545 2538 :
1574 2510 1741 2558 neque

371 2570 510 2616 enim
534 2571 800 2632 convenit,
833 2570 1208 2638 magistratibus
1237 2569 1475 2621 officiales
1497 2571 1739 2621 adnume-

373 2660 494 2693 rare.
