2748 3834
582 509 972 545 nmrunmcn
1005 508 1281 542 nonnum
1315 509 1422 543 mn.
1458 509 1519 544 n.
1636 498 1722 555 ¹4¹

363 586 756 650 communisque
781 572 855 632 esst
876 600 886 629 :
906 596 1085 630 verum
1100 616 1114 639 ‚
1134 590 1194 628 ut
1213 582 1318 627 dixi
1334 617 1349 638 ,
1366 582 1734 634 sollicitudines

363 663 502 713 haud
518 679 695 730 parvas
717 661 848 710 mihi
868 661 1079 718 incutit,
1104 657 1237 708 nihil
1253 675 1431 708 eorum
1447 696 1462 720 ‚
1482 663 1734 727 qua-,scire

362 743 535 792 videar
553 779 567 803 ‚
602 738 1008 807 investigandum
1045 754 1339 805 proponens
1355 775 1368 799 ,
1402 738 1490 788 sed
1528 755 1735 806 prorsus

364 824 536 888 ignota
561 818 863 888 protrahens
884 837 895 866 ε
923 833 1080 884 quare
1104 833 1196 883 ego
1211 817 1445 866 omnium
1467 817 1735 870 vehemen-

366 902 581 949 tissimas
616 913 790 964 preces
825 896 1044 944 meditor
1067 932 1080 955 ,
1125 912 1191 944 ne
1224 912 1379 961 quam
1421 897 1733 965 inexpertam

365 979 522 1039 mihi,
545 987 605 1026 ut
626 975 775 1037 solet,
798 976 1127 1042 quaestionem
1146 973 1382 1042 proferat.

365 1154 427 1187 m!
449 1153 721 1188 PRAEFECTO
744 1152 976 1186 ch‘rffln:
987 1171 1000 1195 ‚
1018 1153 1078 1183 ΒΕ
1093 1151 1370 1186 ms‘rmmo
1386 1152 1632 1190 PmToRE
1643 1175 1657 1201 ,
1676 1156 1734 1189 m·

865 1232 927 1263 nr:
952 1220 1270 1285 omniumomn-

438 1398 518 1447 27.
549 1383 650 1429 ‘Tot
677 1378 1022 1445 magistratus,
1053 1380 1220 1425 Romae
1254 1376 1362 1444 lege
1393 1379 1699 1431 constitutos
1718 1420 1732 1443 ‚

364 1449 574 1507 historia
591 1494 604 1518 ‚
632 1457 696 1506 ab
727 1455 1052 1504 incunabulis
1077 1455 1367 1521 reipublicae
1400 1455 1634 1507 Romanae
1666 1460 1732 1509 ad

364 1538 611 1586 Anastasii
631 1536 949 1602 imperatoris
966 1534 1166 1583 obitum
1179 1571 1193 1595 ,
1210 1535 1264 1583 in
1283 1536 1576 1586 universum
1601 1555 1734 1587 com-

365 1626 626 1665 memorat.
648 1617 773 1663 Nam
800 1614 1034 1662 comitem
1064 1613 1392 1678 largitionum
1414 1611 1508 1680 (u‘t
1531 1615 1642 1663 Itali
1661 1616 1734 1664 di·
1803 1618 1807 1622 ’

364 1704 518 1753 cunt,
540 1694 592 1742 id
622 1703 723 1754 est,
757 1687 1005 1740 thesauris
1044 1692 1247 1757 imperii
1286 1694 1649 1760 praepositum)
1683 1703 1734 1742 et

334 1771 338 1776 ⁴
366 1773 603 1820 comitem
640 1772 951 1837 privatarum
993 1769 1078 1831 (id
1115 1779 1216 1828 est,
1240 1770 1576 1835 peculiarium
1609 1789 1735 1837 quo-

364 1849 637 1899 dammodo
654 1848 972 1914 imperatoris
981 1845 1310 1912 facultatum)
1323 1865 1591 1914 nunquam
1604 1886 1618 1907 ‚
1629 1851 1736 1915 opi·

364 1946 487 1987 nor,
503 1925 878 1993 magistratibus
891 1924 1099 1989 aliquis,
1116 1924 1203 1971 sed
1220 1912 1467 1974 ministris
1486 1927 1734 1995 adnume-

298 2045 301 2047 μ
362 2005 523 2054 rabit:
547 2019 716 2068 neque
731 2004 870 2049 enim
891 2001 1134 2048 electione
1158 2003 1534 2064 magistratibus
1549 2022 1736 2063 ‘conve-

363 2083 538 2132 niente
561 2080 842 2146 dignantur
858 2115 871 2138 ‚
895 2077 981 2126 sed
1006 2087 1162 2143 prout
1189 2077 1392 2125 videtur
1410 2080 1703 2144 imperatori
1723 2108 1752 2142 ‚-

362 2161 533 2210 subito
564 2159 863 2224 occulteque
885 2156 1144 2223 prodeunt
1161 2174 1174 2216 ;
1193 2155 1353 2204 veluti
1382 2158 1474 2222 qui
1497 2160 1736 2223 patrimo-

323 2232 326 2236 ’
364 2240 484 2287 nius
505 2237 735 2298 dicitur(
751 2236 803 2284 id
825 2245 897 2284 est
913 2272 926 2295 ‚
949 2245 1116 2283 custos
1133 2234 1468 2299 peculiarium
1494 2238 1736 2300 quodam-

303 2335 307 2338 ·
365 2315 519 2365 modo
556 2314 902 2380 imperatoris,
930 2329 986 2360 ac
1024 2311 1152 2359 forte
1185 2328 1214 2359 a
1244 2311 1523 2376 majoribus
1545 2313 1736 2363 relicta-

364 2411 482 2444 rum
507 2391 872 2456 facultatum),
896 2408 1051 2457 quem
1074 2401 1124 2439 et
1146 2392 1315 2456 ipsum
1335 2401 1482 2439 antea
1499 2393 1734 2457 ignotum

364 2475 422 2522 in
446 2472 689 2522 omnibus
712 2471 941 2538 'prudens
969 2471 1258 2519 Anastasius
1284 2471 1508 2518 instituit
1524 2509 1536 2531 ,
1567 2471 1736 2520 discri-

321 2541 327 2548 ⁵
366 2569 511 2612 men,
544 2561 604 2599 ut
628 2550 817 2600 solebat
835 2587 850 2611 ‚
875 2549 1044 2600 *rebus
1078 2551 1362 2616 excogitans
1380 2587 1393 2611 ‚
1425 2567 1490 2598 ne
1518 2550 1736 2600 confusae

365 2629 663 2678 laborarent.
730 2618 736 2624 ’
1037 2617 1045 2624 ⁵

439 2705 518 2753 28.
533 2710 647 2755 Post
660 2706 807 2755 illum
823 2725 941 2756 vero
955 2725 1073 2756 cum
1097 2710 1151 2756 in
1168 2710 1274 2756 otio
1290 2710 1467 2774 egisset
1482 2712 1507 2755 J
1511 2709 1646 2755 ustin
1654 2723 1733 2766 us,

371 2799 538 2847 neque
554 2785 836 2851 quidquam
857 2788 976 2835 novi
991 2788 1254 2852 reperisset
1269 2823 1282 2845 ‚
1308 2788 1399 2851 qui
1424 2785 1606 2833 deinde
1631 2800 1734 2830 suc—

371 2860 538 2921 cessit,
557 2863 742 2910 sororis
762 2863 871 2927 ejus
891 2863 1053 2925 filius,
1073 2864 1198 2912 utile
1213 2864 1427 2930 quodvis
1445 2878 1619 2928 parare
1642 2861 1732 2906 rei-
