2748 3834
1660 475 1847 534 lxxxv

572 610 744 669 Notis
794 613 864 669 ad
909 622 1134 669 textum
1186 613 1617 672 emendandum
1667 616 1845 672 inter·

497 718 957 795 pretandumque
994 719 1381 794 spectantibus
1408 718 1580 788 alias,
1634 719 1844 795 quibus

495 841 587 885 res
628 822 1084 891 illustrarentur,
1141 820 1351 879 addere
1389 823 1793 879 constitueram
1823 845 1843 896 3

496 927 598 985 sed
634 949 774 986 mox
811 929 1194 988 animadverti
1239 931 1419 1007 magis
1460 951 1491 987 a
1530 951 1623 987 me
1667 951 1843 1007 quam

495 1055 604 1109 pro
643 1036 760 1092 otio
803 1056 936 1093 meo
980 1058 1125 1113 opus
1165 1047 1496 1113 susceptum
1544 1059 1556 1093 :
1609 1040 1801 1114 itaque
1822 1081 1840 1107 ,

495 1155 718 1202 mutato
755 1149 1049 1223 proposito
1070 1192 1097 1223 ,ι
1135 1144 1504 1223 paucissimas
1540 1143 1715 1219 hujus
1751 1165 1846 1220 ge-

482 1251 651 1306 fueris
687 1262 848 1308 notas
873 1252 1130 1327 inspersi.
1158 1256 1473 1311 Auctorum
1503 1263 1693 1310 tamen
1717 1251 1842 1308 loca

496 1376 528 1413 a
567 1356 741 1433 Lydo
781 1358 1007 1416 laudata
1040 1360 1281 1435 quaesivi
1295 1402 1315 1429 ,
1368 1369 1707 1436 repertaque
1744 1368 1844 1415 aut

495 1465 647 1520 notis
667 1466 884 1523 inserui
905 1477 1002 1523 aut
1018 1477 1169 1523 certe
1193 1463 1463 1522 indicavi.
1492 1465 1703 1523 Praeter
1729 1463 1845 1520 lau-

495 1565 625 1623 data
651 1577 844 1624 autem
862 1567 1019 1638 loca,
1064 1570 1173 1626 alia
1198 1588 1430 1645 quoque
1446 1612 1466 1639 ‚
1488 1588 1625 1625 ·non
1648 1566 1841 1624 addito

495 1673 744 1729 auctoris
764 1673 1003 1730 nomine
1022 1718 1041 1744 ,
1068 1688 1381 1735 occurrunt
1409 1699 1422 1734 ε
1455 1676 1640 1735 veluti
1661 1674 1843 1733 verba

493 1784 604 1840 οὗθ’
624 1786 670 1840 ἰν
690 1782 835 1858 λόγῳ
852 1788 963 1843 odd*
978 1790 1021 1843 ἐν
1047 1784 1263 1865 ἀρθμῷ
1286 1789 1444 1864 (pag.
1464 1787 1593 1859 180,
1618 1786 1718 1842 lin.
1742 1784 1843 1854 31)

493 1912 624 1967 quae
661 1903 797 1948 sunt
829 1913 962 1967 pars
991 1894 1246 1966 oraculi,
1289 1894 1447 1969 quod
1482 1894 1666 1951 adfert
1689 1892 1846 1950 scho-

489 1993 681 2051 liastes
706 1996 780 2052 ad
800 1973 1101 2053 Theocriti
1125 1997 1210 2055 Id.
1237 1999 1334 2071 24,
1365 2018 1424 2056 v.
1449 1999 1522 2056 48
1531 2020 1551 2072 3
1587 2011 1644 2055 et
1664 2000 1856 2057 verba

487 2095 592 2159 ἔθει
623 2101 686 2160 A?
709 2099 984 2184 χρημάτων
1011 2119 1113 2167 ete.
1145 2083 1302 2187 (pagi
1326 2108 1459 2190 246>
1482 2131 1611 2188 quae
1628 2106 1785 2187 patet
1811 2132 1843 2167 e

489 2212 903 2274 Demosthenis
927 2218 1175 2296 Olynth.
1199 2241 1248 2278 1.
1276 2222 1451 2297 petita
1471 2241 1595 2278 esse
1611 2266 1630 2291 ‚
1658 2222 1758 2277 ubi
1774 2221 1846 2278 le-

487 2326 643 2405 gitur
663 2327 747 2386 «Ριῒ
764 2327 828 2390 5¹2?
844 2324 1117 2407 χρημάτων
1142 2331 1252 2390 θῐοζ
1270 2334 1422 2406 Quae
1441 2334 1559 2392 duo
1582 2334 1844 2392 sero‘ani-

487 2437 795 2496 madversa
815 2438 911 2497 hic
932 2430 1206 2499 adnotare
1222 2444 1419 2518 juvat,
1454 2446 1685 2520 ceteris»,
1715 2466 1843 2522 quae

489 2544 747 2618 reperire
766 2545 948 2621 potui,
969 2566 1075 2602 suo
1095 2545 1222 2602 loco
1241 2546 1523 2606 indicatis,
1546 2551 1650 2607 Est
1667 2551 1843 2607 omni-

486 2666 567 2704 no
585 2649 790 2725 Lydus
808 2653 1025 2710 multus
1041 2654 1101 2709 in
1118 2661 1388 2709 veterum
1410 2654 1754 2729 scriptorum
1769 2656 1843 2709 lo-

491 2751 602 2822 cis,
625 2773 781 2828 quae,
804 2757 943 2814 olim
963 2758 1127 2832 lecta,
1149 2761 1446 2817 memoriae
1463 2763 1587 2835 ejus
1605 2761 1839 2820 confusa
