2748 3834
933 542 965 605 ij
1353 540 1869 584 coMM'EN'rAmus

931 661 1127 702 textum
1161 649 1313 711 hujus
1353 644 1520 708 operis
1562 657 1715 704 quam
1752 642 2137 706 diligentissime
2181 662 2286 693 cor-

926 741 1144 803 rigeret,
1188 734 1468 794 Latinaque
1510 725 1926 793 interpretatione
1963 730 2238 782 illustraret
2274 751 2285 780 :

923 829 1208 889 pergratum
1237 818 1366 868 mihi
1390 815 1606 880 accidit,
1644 825 1702 866 ut
1738 832 1804 865 ex
1837 833 1948 866 mea
1977 833 2183 882 quoque
2219 819 2284 869 fa-

922 912 1106 960 cultate
1138 906 1330 973 aliquid
1367 907 1423 955 in
1459 906 1559 954 hoc
1596 923 1724 971 opus
1767 904 2031 970 conferre,
2074 924 2283 956 nomen-

921 1020 1020 1068 que
1053 1018 1224 1051 meum
1252 1007 1354 1048 tam
1384 994 1629 1046 laudabili
1655 998 1858 1063 incepto
1885 996 2133 1046 ascribere
2169 1016 2283 1063 pos-

921 1108 1040 1140 sem.
1073 1091 1275 1138 Electus
1305 1087 1442 1136 enim
1473 1103 1503 1134 a
1527 1084 1727 1151 Codicis
1756 1085 1965 1135 domino
2001 1103 2081 1135 eas
2112 1095 2276 1151 partes

919 1181 1138 1245 suscepi,
1166 1187 1220 1227 ut
1243 1176 1505 1244 praefarer,
1530 1194 1643 1242 quae
1663 1177 1873 1225 lectores
1902 1177 2030 1225 scire
2054 1178 2277 1226 maxime

915 1271 1138 1320 referret.
1175 1270 1345 1329 Quare
1372 1267 1561 1332 quaein
1596 1274 1817 1316 mentem
1850 1269 2123 1317 veniebant
2160 1287 2277 1318 cum

914 1361 1103 1409 librum
1122 1359 1462 1425 perlegissem,
1500 1375 1556 1407 ea
1576 1359 1826 1423 scriptura
1846 1359 2108 1422 persequi,
2147 1360 2275 1418 etin
2323 1395 2326 1400 .

912 1430 1140 1517 quinque
1169 1460 1333 1517 partes
1365 1451 1630 1516 dispertire
1656 1453 1802 1516 coepi.
1830 1453 2029 1500 Harum
2056 1452 2272 1516 primam

909 1540 1067 1588 tribui
1102 1540 1329 1588 historiae
1360 1537 1581 1588 auctoris
1616 1558 1626 1586 :
1661 1538 1933 1587 secundam
1972 1538 2086 1586 fatis
2122 1541 2270 1602 scrip-

907 1637 1078 1678 torum
1101 1629 1268 1694 Lydi,
1303 1629 1474 1693 medio
1496 1647 1640 1678 aevo:
1663 1630 1859 1677 tertiam
1877 1666 1890 1691 ,
1915 1627 2126 1677 elencho
2147 1627 2269 1694 frag-

903 1726 1195 1766 mentorum
1238 1718 1370 1779 ejus,
1411 1717 1597 1779 passim
1637 1717 1695 1764 in
1721 1716 2047 1765 bibliothecis
2087 1724 2268 1766 extan-

905 1808 1047 1855 tium.
1083 1807 1150 1854 In
1174 1815 1353 1869 quarta
1385 1804 1497 1853 dixi
1529 1806 1620 1869 qui
1657 1806 1921 1869 quippiam
1959 1809 2065 1872 ejus
2100 1808 2266 1857 edide-

901 1895 1006 1942 rint
1026 1931 1039 1956 ,
1062 1894 1146 1942 vel
1172 1893 1490 1941 instituerint
1509 1892 1655 1940 edere
1677 1910 1686 1939 :
1712 1893 1766 1940 in
1801 1895 2010 1957 quinta,
2044 1913 2148 1958 quo
2184 1898 2267 1945 in-

867 1988 871 1990 *
903 1989 1101 2047 sperato
1127 1998 1244 2030 casu
1273 1997 1426 2044 opera
1458 1981 1563 2044 ejus
1589 1979 1646 2028 in
1662 1979 1860 2029 Graecia
1881 1997 2046 2046 nuper
2069 1991 2264 2047 reperta

901 2071 1032 2133 sint,
1071 2070 1237 2134 ‚inque
1270 2066 1441 2118 Gallia
1461 2084 1600 2118 nunc
1629 2067 1832 2135 vulgari
1857 2078 2033 2135 coepta.
2056 2072 2104 2121 A
2125 2072 2263 2138 Lydi

900 2142 1009 2208 'vita
1037 2159 1192 2223 igitur
1212 2196 1225 2220 ‚
1249 2163 1307 2206 ut
1335 2159 1664 2223 praepositum
1686 2165 1761 2207 est
1780 2197 1792 2220 ,
1828 2155 1997 2207 ordiar
2019 2177 2030 2205 t
2051 2158 2095 2207 si
2115 2161 2258 2224 prius

898 2255 1066 2298 tamen
1091 2246 1302 2297 lectores
1321 2266 1566 2321 oravero,
1602 2255 1659 2297 ut
1679 2249 1936 2314 patiantur
1954 2264 2062 2297 non
2086 2248 2255 2300 solum

897 2339 1279 2405 magistratuum
1308 2328 1712 2404 dignitatumque
1737 2354 1875 2409 nova
1896 2340 2102 2388 nomina
2121 2378 2134 2403 ‚
2165 2340 2253 2389 sed

895 2431 1150 2503 vocabula
1198 2432 1348 2481 etiam
1387 2431 1608 2481 cadentis
1658 2426 1935 2497 jacentisve
1987 2430 2251 2482 latinitatis

895 2522 1108 2588 (quibus
1129 2540 1269 2573 nunc
1299 2519 1413 2571 ideo
1431 2520 1814 2586 utimur‚-quod
1838 2521 1900 2571 iis
1920 2519 2125 2571 nullum
2145 2519 2250 2573 fere

891 2613 1026 2679 apud
1053 2612 1289 2678 probatos
1323 2612 1552 2662 auctores
1595 2627 1803 2677 prorsus
1851 2609 2181 2678 respondeat)
2220 2629 2248 2662 a

888 2720 971 2751 me
994 2718 1226 2768 quoque,
1253 2720 1316 2750 ne
1343 2703 1427 2752 cui
1451 2698 1626 2752 videar
1658 2701 1713 2750 in
1733 2692 1904 2751 verbis
1939 2717 2044 2751 esse
2077 2701 2244 2751 curio·-

884 2772 1017 2855 sior,
1037 2791 1128 2842 hic
1157 2789 1438 2856 duntaxat,
1473 2794 1564 2842 ubi
1586 2791 1717 2842 nihil
1743 2792 1958 2858 periculi
1993 2798 2097 2856 est,
2132 2801 2243 2842 tan-

888 2900 1038 2948 quam
1064 2882 1268 2947 propria
1288 2891 1337 2932 et
1365 2884 1544 2933 usitata
1570 2882 1819 2948 usurpari.
