2748 3834
1020 508 1112 553 160
1329 517 1464 549 LYDI
1497 515 1565 545 DE
1600 513 2063 548 MAGISTRATIBUS

1013 601 1088 658 μὴν
1099 593 1280 655 ς-ρατείας
1294 590 1357 632 καὶ
1374 589 1569 647 βαθμοῦ)
1585 589 1751 650 πέρας...
1845 606 1930 634 ενον
1943 586 1997 646 ¹),
2017 586 2070 635 ὧν
2088 591 2159 635 εἰσι
2179 589 2368 640 δεικτικοί.

1012 671 1273 720 ὑπασπίζουσι
1295 669 1371 729 γὰρ
1391 670 1473 716 τοῖς
1491 668 1846 729 κομμενταρισίοις,
1865 666 1932 718 οὓς
1952 663 1992 710 2)
2011 667 2374 734 ὑπομνηματογρά-

1011 763 1107 813 φους
1123 751 1146 796 ἡ
1160 745 1268 797 τάξις
1289 733 1481 805 ῥωμαίων
1499 745 1717 804 ὠνόμασεν,
1739 746 1791 795 ὡς
1813 747 1972 808 ἔφαμεν.
1996 732 2056 792 ὸν
2075 748 2151 811 γὰρ
2170 751 2314 810 τρόπον
2336 751 2372 794 οἱ

1007 826 1316 887 νομενκλάτωρες
1345 826 1564 886 φρόντισμα
1590 823 1801 886 πληροῦσι,
1824 824 1888 869 καὶ
1914 825 2006 876 τοὺς
2031 826 2200 889 ῥήτορας
2222 827 2372 872 ἀπολέ-

1007 922 1142 967 γουσιν
1174 897 1239 959 5),
1270 900 1313 954 ἐξ
1345 902 1535 962 ὀνόματος
1564 903 1857 965 ἀναφωνοῦντες
1886 903 2057 961 αὐτοὺς,
2091 907 2215 956 οὕτως
2240 903 2372 950 ἐκεῖνοι

1007 987 1089 1035 ταῖς
1106 984 1399 1045 ἐγκληματικαῖς
1411 980 1690 1043 ὑπηρετοῦνται
1707 979 1846 1033 δίκαις.
1861 984 1914 1027 Οἱ
1928 977 1970 1019 4)
1986 982 2028 1028 δὲ
2044 983 2372 1048 νομενκλάτωρες,

1006 1061 1197 1126 ὥςφησιν
1217 1062 1236 1105 ὁ
1255 1060 1432 1120 Αἰμίλιος
1453 1059 1491 1104 ἐν
1512 1064 1569 1120 τῷ
1590 1058 1834 1120 ὑπομνήματι
1853 1054 1895 1100 5)
1913 1067 1990 1107 τῶν
2007 1062 2257 1114 Σαλλουςιόυ
2277 1064 2374 1114 ἱς-ο-

1005 1147 1119 1205 ριῶν,
1145 1138 1339 1199 ὀνομαςαὶ
1370 1137 1436 1183 καὶ
1465 1140 1714 1200 ἀναφωνῆται
1747 1131 1788 1179 6)
1819 1142 1895 1183 τῶν
1928 1142 2103 1200 τογάτων
2133 1137 2243 1202 (ἀντὶ
2272 1144 2343 1186 τοῦ
2355 1138 2377 1196 ,’

1005 1226 1081 1266 τῶν
1099 1213 1336 1280 δικολόγων)
1353 1217 1461 1262 εἰσίν.
1479 1219 1682 1278 Τογάτους
1698 1214 1740 1260 δὲ
1756 1205 1931 1277 Ρωμαῖοι
1947 1217 2038 1268 τοὺς
2057 1221 2109 1278 μὴ
2129 1219 2374 1281 ς-ρατευομέ-

1005 1317 1095 1350 νους
1115 1299 1300 1354 καλοῦσι,
1331 1296 1516 1360 φαινόλας
1540 1293 1583 1340 δὲ
1604 1296 1906 1358 περικειμένους,
1938 1296 2001 1340 καὶ
2019 1300 2099 1347 τοῖς
2122 1284 2278 1358 λ-έγουσι
2301 1296 2371 1347 τὰς

1007 1377 1114 1428 δίκας
1137 1378 1274 1437 μισθῷ
1298 1370 1338 1416 7)
1361 1375 1707 1437 συναγορεύοντας.
1732 1363 1812 1421 Ἐπὶ
1837 1376 1912 1437 γὰρ
1934 1383 2002 1425 τῆς
2032 1377 2181 1437 ἀγοράς
2201 1374 2344 1424 αὐτοὺς
2355 1408 2371 1430 ,

1005 1455 1069 1500 καὶ
1087 1454 1172 1518 περὶ
1188 1455 1238 1500 τοὶ
1251 1453 1386 1512 βιὸλιά
1408 1454 1675 1514 σχολάζοντας
1697 1452 1760 1497 καὶ
1782 1456 1866 1503 ταῖς
1887 1455 2063 1512 νομικαΐς
2081 1451 2305 1503 ὣυσκαλίαις
2328 1446 2370 1491 8)

1004 1538 1298 1599 ἀγρυπνοῦντας
1307 1569 1323 1592 ,
1349 1536 1384 1579 οἱ
1409 1536 1479 1585 τὰς
1503 1533 1611 1585 δίκας
1632 1535 1809 1594 λέγοντες
1832 1532 1893 1578 ἐπὶ
1914 1531 2007 1583 τοὺς
2026 1530 2238 1583 πεὸανέους
2265 1530 2373 1590 (ἀντὶ

1004 1618 1096 1671 τοῦ,
1122 1612 1441 1674 χαμαιδικαςάς)
1474 1612 1560 1676 περὶ
1592 1612 1659 1657 τὸν
1684 1613 1817 1674 καιρὸν
1842 1617 1910 1662 τῆς
1942 1610 2186 1672 διαγνώσεως
2210 1611 2372 1656 ἐκάλουν
2417 1631 2422 1638 ·

1004 1695 1101 1756 πρὸς
1129 1693 1373 1758 συνηγορίαν.
1406 1693 1543 1754 Ταύτῃ
1569 1691 1634 1737 καὶ
1655 1688 1904 1748 advocati,
1933 1691 2047 1736 οἱονεὶ
2068 1691 2372 1755 προσκαλούμε-
2411 1683 2413 1685 ’

1004 1789 1085 1829 νοι,
1107 1776 1162 1818 ἔτι
1186 1774 1249 1818 καὶ
1275 1778 1342 1818 νῦν
1372 1774 1565 1834 λέγονται.
1593 1772 1869 1836 Τουρμαριόνς
1901 1772 1977 1834 γὰρ
2006 1774 2061 1816 ἔτι
2095 1772 2255 1834 φθάσας
2279 1767 2372 1814 δια-

1005 1853 1200 1911 μέμνημαι
1235 1854 1430 1914 παρόντας
1461 1856 1518 1911 τῷ
1553 1853 1708 1914 σκρινίῳ
1742 1856 1818 1896 τῶν
1857 1848 2173 1907 σουὸαδιουυῶν,
2197 1848 2261 1894 καὶ
2286 1851 2373 1898 ταῖς

1003 1931 1262 1990 κομπλετίωσι
1292 1936 1368 1975 τῶν
1398 1931 1581 1989 ἐντυχιῶν
1616 1927 1658 1972 9)
1690 1926 1864 1992 (οἱονεὶ,
1903 1925 2154 1992 πληρώσεσι)
2183 1928 2373 1991 προσλει-

1003 2013 1261 2068 τονργοῦντας
1269 2040 1284 2062 ,
1301 2008 1366 2049 καὶ
1382 2007 1619 2066 παραψυχὴν
1636 2006 1680 2049 οὺ
1700 2009 1839 2067 μικρὰν
1857 2008 2182 2065 ἀναλεγομένους·
2200 2006 2370 2056 τοσαύτη
2422 2027 2425 2029 “

1003 2099 1059 2133 τις
1081 2081 1127 2131 ἧν
1147 2086 1170 2131 ἡ
1194 2088 1271 2127 τῶν
1295 2084 1569 2144 πραττομένων
1591 2087 1786 2144 κάρπιμος
1815 2082 2008 2145 ἀφθονίαι
2035 2085 2250 2146 Διαιτάριοι
2271 2084 2370 2145 πρὸς

1003 2161 1154 2211 τούτοις
1173 2161 1237 2205 καὶ
1259 2162 1478 2222 θηκοςφόροι
1504 2160 1569 2204 καὶ
1595 2161 1808 2222 πραίκωνες
1831 2155 1892 2201 ¹0)
1915 2162 2154 2224 λειτουργίας
2177 2161 2246 2221 μὲν
2269 2163 2370 2206 ἀνα-
2410 2167 2413 2170 “

1004 2237 1204 2299 δέχονται,
1227 2237 1266 2282 ἐν
1286 2236 1328 2282 δὲ
1346 2237 1488 2300 ἑτέροις
1511 2241 1703 2298 τάγμασιν
1727 2241 1998 2302 ἀναφέρονται.

1063 2366 1106 2413 1)
1133 2364 1292 2404 Literas
1321 2363 1367 2403 in
1394 2362 1493 2403 cod.
1531 2363 1777 2416 exstinctas,
1808 2369 1858 2405 ut
1884 2368 1986 2419 saep'e
2011 2364 2059 2406 in
2082 2366 2371 2420 ,sequentibusj

1003 2428 1165 2484 punctis
1182 2427 1374 2467 indicavi.

1058 2493 1103 2542 2)
1133 2491 1234 2531 Cod.
1261 2495 1360 2536 τοὺς.

1058 2558 1107 2606 3)
1134 2556 1233 2596 Cod.
1265 2588 1273 2596 .
1286 2587 1293 2595 .
1307 2558 1503 2608 .λέγουσιν.

1055 2622 1103 2671 4)
1133 2623 1165 2660 οἱ
1184 2622 1222 2660 δὲ
1242 2634 1253 2660 2
1275 2619 1521 2673 conjectura.
1541 2620 1592 2661 In
1612 2619 1710 2660 Cod.
1728 2620 1855 2661 literae
1869 2620 2073 2662 extinctae.

1056 2685 1103 2734 5)
1130 2689 1381 2738 ὑπομνήματα
1412 2685 1655 2738 conjectura.
1681 2686 1780 2726 Cod.
1810 2690 2020 2740 ὑ....ματι.

1051 2753 1100 2802 6)
1130 2755 1350 2804 ἀναφωνῆται
1363 2752 1578 2807 legendum
1594 2767 1675 2793 esse
1690 2759 1800 2807 patet
1813 2768 1835 2793 e
1849 2768 1919 2804 111,
1943 2767 2009 2795 20.
2025 2751 2122 2792 Cod.
2142 2754 2368 2796 ἀνα;,.νηται.

1060 2817 1105 2870 7)
1132 2815 1230 2855 Cod.
1260 2818 1394 2866 ψισὲῶ.

1053 2880 1103 2931 8)
1132 2881 1243 2936 Lego
1261 2882 1472 2927 δυσκολίαις.
