2748 3834
682 494 1059 528 REIPUBLJCAB
1091 493 1361 527 Romanu:
1394 496 1622 530 tan-111.
1735 499 1832 549 279

473 578 638 628 stans,
672 578 724 616 et
741 567 1061 642 injuriarum
1093 567 1413 616 miseratione
1441 568 1686 649 vigilans,
1718 571 1834 623 din·

470 647 574 695 tius
608 644 861 712 negligere
891 645 1289 711 praecipitantem
1326 635 1695 712 rempublicam
1724 648 1833 699 non

379 782 393 793 ,
455 723 766 785 sustinens,
820 720 959 771 haud
1006 720 1202 771 levibus
1251 723 1495 772 instructa
1551 725 1836 777 rationibus

469 800 535 850 ad
566 802 921 868 imperatorem
944 799 1160 860 accedit,
1188 810 1473 867 cunctaque
1496 818 1615 851 eum
1647 801 1833 854 hucus-

470 895 574 944 que
596 878 792 927 occulta
812 878 1017 938 edocet,
1060 894 1154 926 nec
1175 877 1426 942 subjectos
1453 889 1652 930 tantum
1688 881 1835 932 malis

457 955 684 1004 interire
728 954 1002 1022 periclitari
1024 991 1038 1015 ‚
1081 954 1167 1002 sed
1220 956 1319 1022 ipsi
1361 973 1571 1024 quoque
1617 959 1833 1026 imperio

428 1033 680 1080 ·=ruinam
702 1033 997 1080 imminere.
1031 1035 1204 1097 Itaque
1231 1068 1244 1092 ,
1282 1033 1423 1099 quod
1465 1050 1664 1084 necesse
1696 1046 1834 1097 erat,

454 1110 750 1177 imperator
766 1146 780 1170 ,
803 1120 864 1158 ut
886 1120 1006 1176 pote
1022 1109 1191 1159 bonus
1207 1120 1258 1158 et
1281 1111 1337 1159 in
1361 1110 1612 1161 malorum
1636 1112 1834 1164 ultione

472 1187 643 1245 lentus
670 1224 685 1249 ‚
714 1203 929 1244 >summa
965 1188 1377 1256 consilii‘inopia
1408 1189 1692 1253 laborabat,
1739 1209 1833 1253 ne,
1916 1181 1921 1188 ’

474 1265 908 1331 quemadmodum
935 1265 1225 1332 reipublicae
1248 1283 1523 1316 eversorem
1547 1278 1802 1317 amoveret
1818 1304 1833 1329 ,

402 1350 409 1362 ²
454 1345 731 1409 reperiens
748 1343 956 1408 quidem
996 1362 1008 1390 :
1040 1343 1193 1404 adeo,
1224 1354 1283 1393 ut
1299 1355 1419 1411 pote
1434 1346 1726 1412 improbus,
1756 1362 1836 1394 res

458 1420 853 1487 ‘perturbaverat
867 1443 888 1482 ,>
902 1437 960 1468 ac
974 1421 1168 1469 reditus
1183 1421 1482 1471 difficultate
1500 1432 1551 1470 et
1567 1423 1834 1489 inexplica-

456 1497 566 1546 bili
598 1497 898 1547 confusione
916 1534 932 1559 ‚
961 1515 1087 1565 quas
1115 1499 1419 1548 indictiones
1449 1509 1632 1549 vooent
1649 1536 1663 1560 ,
1701 1501 1836 1549 inter

474 1591 526 1623 se
550 1577 766 1625 miscens
781 1613 795 1636 ‚
822 1576 1101 1626 involverat
1118 1613 1132 1638 ,
1156 1593 1426 1644 nunquam
1457 1588 1518 1626 ut
1547 1576 1705 1626 finem
1725 1578 1834 1643 ejus

473 1657 794 1722 magistratus
813 1657 1019 1706 haberet
1036 1693 1049 1716 ,
1073 1658 1240 1723 neque
1263 1659 1534 1724 quisquam
1570 1674 1598 1706 e
1627 1668 1805 1721 senatu
1819 1695 1834 1719 ‚

475 1746 566 1783 aut
590 1738 806 1786 omnino
825 1774 839 1798 ,
874 1738 962 1785 cui
997 1737 1138 1785 cordi
1166 1748 1297 1792 esset¹
1316 1737 1512 1800 justitia
1532 1774 1546 1797 ,
1583 1739 1844 1804 susciperev

456 1812 961 1863 administrationem
1005 1814 1225 1862 auderet.
1274 1814 1605 1864 Succurrebat
1649 1815 1835 1863 nihilo·

473 1893 648 1940 minus
686 1892 924 1970 subjectis
947 1893 1223 1958 imperator
1256 1903 1513 1959 quantum
1539 1894 1603 1942 ab
1627 1893 1837 1961 homine

396 2019 400 2023 ,
475 1967 587 2016 fieri
603 1967 815 2035 poterat.
867 1975 869 1978 ’

456 2065 462 2069 ·
513 2061 621 2110 ·70.
670 2042 944 2094 collatores
976 2062 1124 2107 vero‚
1157 2063 1277 2096 cum
1303 2039 1462 2113 por'ro
1488 2027 1658 2113 neque
1687 2045 1840 2095 facul·
1845 2074 1851 2081 ·

455 2130 628 2180 *tates‚
649 2137 818 2186 neque
833 2138 914 2170 eas
928 2122 1234 2187 adquirendi
1256 2125 1452 2188 copiam
1476 2121 1753 2182 haberent,
1772 2121 1839 2171 ob

472 2199 820 2262 coemptiones
865 2209 915 2246 et
963 2202 1194 2264 angarios
1232 2210 1387 2264 atque
1427 2199 1546 2246 inde
1584 2210 1840 2247 nascentes
1879 2254 1882 2257 ¹

403 2310 408 2314 -
473 2273 668 2322 labores
696 2292 707 2322 ε
733 2274 1010 2323 mulierum
1030 2312 1044 2335 ,
1075 2275 1379 2324 lactantibus
1410 2272 1527 2324 cum
1557 2275 1838 2325 infantibus
1871 2329 1873 2331 ,

473 2367 628 2400 onera
662 2350 932 2400 ferentium
959 2390 973 2413 ‚
1010 2352 1136 2407 dum
1171 2354 1357 2419 species
1393 2352 1737 2419 longinquum
1775 2355 1838 2402 ad

458 2442 613 2477 ·mare
628 2438 858 2494 portant,
873 2430 1256 2478 immiserabiles
1271 2441 1321 2479 et
1339 2430 1598 2496 sepultura
1615 2442 1839 2479 carentes

457 2506 530 2554 ·in
567 2505 749 2554 itinere
774 2505 975 2567 obitus;
1014 2518 1067 2554 et
1101 2507 1292 2555 tributa
1322 2509 1635 2573 exigentium
1667 2509 1836 2556 multi-

462 2582 1048 2650 ·plices‘multorumque
1081 2586 1419 2633 nominum....
1454 2585 1516 2632 ad
1549 2603 1834 2651 quorum....

473 2660 788 2708 exactionem
810 2661 906 2709 alia
926 2663 1196 2712 innumera
1213 2663 1341 2711 mala
1357 2663 1656 2712 accedebant
1669 2701 1682 2724 ,
1704 2681 1731 2712 e
1750 2681 1840 2711 nu-

477 2738 706 2786 mismate
749 2739 987 2803 subject-js
1013 2741 1179 2790 'veluti
1218 2759 1278 2789 ex
1323 2741 1482 2806 hydra
1521 2744 1834 2789 nascentia...

478 2826 589 2864 tum
623 2816 690 2865 ob
722 2831 1160 2884 propugnatorum
1180 2857 1193 2880 ,
1218 2821 1407 2885 quibus
1435 2819 1838 2885 prospiciebant,
