2748 3834
634 519 1007 553 nmrunmcsz
1040 519 1308 552 nonnuli
1341 519 1447 551 us.
1490 518 1575 551 111.
1699 502 1796 573 269

438 603 544 652 tus,
580 610 693 658 quae
715 592 1019 654 sandycibus
1051 591 1277 640 membra
1305 590 1799 654 circumfundentes,

434 681 615 719 cuncta
653 682 823 738 aperte
868 670 1198 721 ostendebant
1229 707 1242 731 ‚
1289 687 1402 735 quae
1440 669 1599 718 celare
1632 669 1802 718 virile·

433 748 606 797 oculos
628 749 903 818 oportebat.
924 752 1026 815 Ego
1046 765 1164 797 vero
1179 783 1194 807 ‚
1218 747 1392 796 relicto
1412 746 1671 813 paulisper
1687 764 1801 814 pro-

433 830 633 894 posito,
660 828 787 894 quid
811 828 1030 889 sandyx,
1062 838 1112 875 et
1131 826 1279 892 quale
1310 827 1458 875 vestis
1485 842 1644 892 genus
1672 828 1800 875 anti-

434 907 550 970 quis
574 905 728 966 Lydis
756 904 935 964 fuerit,
972 921 1221 970 exponere
1244 903 1487 952 conabor..
1509 906 1646 952 Auro
1677 903 1800 952 olim

433 982 750 1030 abundantes
780 982 936 1042 Lydi,
972 982 1112 1047 quod
1139 981 1364 1030 Pactolus
1393 982 1455 1029 iis
1476 984 1801 1047 >¹Hermnsque

433 1057 724 1124 praebebant
741 1096 754 1118 ‚
775 1061 971 1107 tunicas
995 1059 1118 1107 adeo
1138 1061 1303 1108 aureis
1319 1058 1622 1107 staminibus
1640 1069 1802 1107 texere

435 1135 746 1184 studuerunt
765 1136 928 1201 (quod
950 1145 1157 1184 testatur
1174 1135 1409 1191 Pisander
1424 1172 1438 1196 ‚
1456 1135 1653 1184 dicens:
1674 1135 1802 1196 Lydi

435 1229 610 1261 aureas
645 1214 843 1262 tunicas
880 1219 1174 1279 gerentes);
1210 1231 1377 1279 neque
1401 1213 1526 1262 'illas
1562 1223 1762 1262 tantum
1789 1250 1802 1273 ‚

434 1307 613 1339 verum
630 1293 779 1339 etiam
797 1327 811 1350 ,
841 1291 1081 1352 sandyces
1096 1308 1224 1358 quos
1240 1301 1423 1351 vocant
1441 1291 1461 1356 (
1470 1301 1614 1339 erant
1631 1302 1800 1339 autem

434 1370 619 1429 tunicae
659 1369 723 1416 ab
766 1371 827 1416 iis
863 1371 1078 1420 inventae
1101 1405 1114 1429 ,
1161 1369 1410 1418 linearum
1446 1368 1800 1428 lucidissimae3

436 1462 562 1512 quas
587 1463 736 1494 succo
762 1446 992 1511 sandycis
1019 1446 1201 1512 plantae
1226 1445 1488 1512 tingebant
1522 1464 1532 1492 ε
1566 1460 1804 1493 carnosus

434 1534 603 1572 autem
645 1522 844 1588 plantae
882 1523 1065 1588 color)
1104 1543 1114 1570 ε
1152 1523 1341 1589 quibus
1382 1522 1588 1593 nudutn
1620 1538 1806 1589 corpus

436 1599 787 1648 inumbrantes
800 1595 1067 1665 Lydorum'
1080 1600 1338 1661 mulieres,
1369 1615 1481 1648 aere
1504 1610 1704 1648 tantum
1727 1601 1802 1646 in·

434 1677 568 1738 dutae
600 1671 929 1736 videbantur,
972 1677 1235 1743 formaque
1253 1715 1266 1737 ,
1312 1678 1489 1740 decore
1525 1689 1575 1726 et
1607 1677 1808 1744 pudore

434 1757 640 1818 remotis
655 1792 671 1815 ,
705 1756 961 1804 intuentes
983 1751 1414 1803 alliciebant.—Tali
1438 1755 1701 1804 Herculem
1724 1766 1805 1803 tu·-

436 1834 550 1880 nica
581 1833 829 1899 Omphale
858 1833 982 1882 olim
1013 1828 1372 1892 circumdedit,
1401 1851 1565 1899 quum
1586 1835 1805 1899 turpi-ter

435 1922 690 1960 amantem
725 1909 1051 1960 effeminavit.
1086 1914 1218 1960 Hinc
1246 1922 1296 1959 et
1330 1903 1532 1960 Sandon
1569 1910 1806 1963 Hercules

395 2006 398 2009 ·
434 1989 600 2037 dictus
624 2000 698 2039 est
713 2025 728 2049 ‚
766 2000 824 2038 ut
843 1990 1089 2055 Apuleius
1105 2027 1119 2050 ‚
1157 1993 1423 2056 Romanus.
1434 1989 1771 2055 philosophus
1791 2024 1811 2048 ,

436 2067 498 2116 in
518 2065 650 2114 libro
671 2067 765 2131 qui
786 2062 1097 2112 amatorium
1119 2066 1417 2114 inscribitur
1430 2101 1443 2125 ‚
1481 2076 1530 2112 et
1548 2076 1665 2113 ante
1686 2081 1806 2112 eum
1843 2077 1849 2084 ·

434 2143 761 2207 Tranquillus
782 2144 850 2189 ,in
874 2159 1025 2206 opere
1050 2141 1112 2190 de
1138 2141 1424 2206 insignibus
1447 2142 1806 2190 ·meretricibus

438 2218 627 2284 retulit.
663 2218 787 2265 Inde
817 2219 1047 2265 existimo
1085 2219 1332 2266 sandonas
1356 2220 1637 2266 etiamnum
1665 2221 1806 2282 igno·

398 2297 402 2300 ’
437 2297 608 2343 miniae
637 2311 785 2343 causa
809 2295 910 2342 dici
928 2331 941 2355 ,
980 2312 1108 2360 quos
1130 2295 1313 2360 vulgus
1337 2295 1400 2342 ab
1434 2294 1612 2342 habitu
1637 2295 1810 2344 sindo--

439 2389 569 2421 num
597 2372 844 2421 sandonas
863 2410 876 2433 ,
915 2375 1058 2438 quasi
1088 2372 1329 2421 sindonas
1347 2409 1360 2433 ,
1404 2371 1645 2438 adpellari
1676 2372 1805 2420 arbi—

438 2455 614 2497 tratur.
633 2453 743 2496 Haec
762 2452 907 2514 quasi
931 2452 985 2497 in
1011 2450 1330 2515 digressione.

507 2524 587 2574 65.
624 2529 726 2591 Ego
741 2543 860 2575 vero
877 2528 940 2574 ad
956 2528 1300 2593 Cappadocem
1322 2526 1483 2575 redeo.
1498 2528 1662 2586 Quem
1682 2527 1805 2574 dum

439 2605 536 2654 alia
560 2614 719 2652 scorta
737 2641 750 2664 ‚
785 2605 922 2653 nuda
939 2642 956 2665 ,
985 2615 1044 2653 ut
1067 2605 1372 2653 videbantur
1390 2641 1403 2664 ‚
1436 2604 1684 2663 ferebant,
1713 2605 1806 2651 alia

441 2682 661 2732 eundem
694 2683 877 2731 osculis
903 2684 1291 2743 enervantibus,
1324 2676 1386 2730 ad
1417 2685 1607 2731 coitum
1640 2683 1805 2729 statim

442 2759 766 2826 cogentibus,
791 2761 1114 2825 pelliciebant
1135 2780 1144 2807 :
1172 2763 1276 2826 ipse
1291 2771 1460 2808 autem
1494 2761 1732 2807 extensus
1745 2759 1806 2804 de

442 2839 686 2906 porrectis
708 2838 930 2889 obsoniis
956 2839 1265 2905 potibusque
1291 2838 1353 2886 ab
1378 2837 1486 2886 aliis
1516 2835 1715 2884 cinaedis
1734 2849 1808 2881 ac-
