2748 3834
696 511 1083 545 nmrnnucn:
1114 511 1387 545 ROMANAE
1419 512 1648 549 tul-¹111.
1772 509 1865 549 ni

571 584 652 646 34.
686 590 948 636 Persarum
979 585 1207 653 populus
1241 586 1297 635 in
1329 587 1653 650 universum,
1685 604 1746 639 nc
1770 598 1874 640 tota

502 665 718 715 omnino
739 665 879 713 natio
897 665 953 712 in
978 663 1172 712 bellum
1190 665 1264 712 ire
1285 666 1549 715 consuevit
1562 702 1576 727 ,
1598 666 1750 717 sicuti
1780 667 1877 716 um

502 744 642 792 mani
657 759 868 810 quoque
881 778 896 804 ‚
920 741 1142 791 necdum
1159 757 1187 790 a
1203 743 1386 803 Mario,
1408 759 1536 809 quas
1555 743 1778 810 legiones
1793 755 1878 794 vo*-

502 833 649 884 cant‚
680 816 985 871 constitutis.
1033 822 1137 883 Qui
1181 835 1298 870 cum
1342 819 1605 871 hominem
1643 821 1876 872 bifariam

503 900 746 960 divisere,
776 915 871 966 per
892 898 1121 948 medium
1144 897 1366 948 duarum
1391 901 1619 967 corporis
1651 901 1877 967 partium

505 979 782 1027 exercitum
805 978 1020 1027 ducunt.
1044 981 1183 1024 Patet
1211 978 1384 1039 enim,
1421 994 1591 1045 neque
1611 988 1770 1028 certas
1791 994 1880 1027 ne-

505 1073 608 1123 que
631 1052 886 1122 expeditas
906 1053 1075 1120 copias
1094 1053 1365 1102 sustentari
1386 1069 1416 1103 a
1437 1056 1620 1115 Persis,
1649 1058 1796 1123 queis
1813 1055 1879 1105 ad

505 1150 721 1203 pugnas,
733 1134 883 1183 sicuti
897 1114 1128 1193 Romam,
1143 1133 1305 1200 parati
1317 1133 1434 1182 sint.
1447 1135 1722 1201 Tempore
1709 1145 1879 1202 itaque

508 1216 572 1264 iis
594 1231 728 1282 opus
756 1223 829 1263 est
850 1213 914 1262 ad
939 1214 1214 1263 exercitum
1246 1224 1297 1263 et
1320 1223 1550 1264 sumtum
1575 1213 1710 1263 bello
1741 1211 1882 1263 suffi-

508 1294 728 1342 cientem
749 1291 1032 1360 parandos:
1062 1307 1220 1356 quare
1251 1308 1566 1360 congruum,
1597 1293 1670 1341 ait
1688 1280 1882 1352 Celsus,

507 1369 573 1419 de
596 1368 875 1436 improviso
897 1384 982 1417 eos
1001 1368 1227 1435 aggredi,
1251 1385 1309 1418 ac
1328 1370 1546 1418 maxime
1573 1385 1667 1436 per
1684 1367 1882 1418 Colchi·

509 1447 626 1497 dem
653 1446 673 1513 (
685 1446 912 1495 Lazicam
938 1462 1047 1495 eam
1067 1463 1096 1495 a
1115 1446 1245 1496 duce
1270 1460 1414 1496 nunc
1433 1451 1643 1505 vocant)
1672 1447 1881 1495 initium

511 1525 790 1575 invasionis
811 1523 984 1574 facere.
1006 1524 1315 1575 Difficilibus
1331 1526 1527 1594 quippe
1557 1523 1680 1593 lpcis
1701 1526 1854 1573 Persae
1869 1558 1884 1583 ,

511 1614 572 1653 ut
590 1613 710 1670 pote
729 1605 951 1670 equites,
973 1606 1154 1672 aegrius
1175 1605 1437 1654 incedunt.
1471 1602 1619 1653 Unde
1652 1601 1886 1651 intolera-

511 1681 632 1732 bilis
646 1684 708 1732 iis
721 1682 946 1732 Corbulo
961 1720 975 1744 ,
993 1682 1091 1732 sub
1104 1686 1304 1734 Nerone
1316 1720 1331 1745 ,
1347 1683 1487 1733 visus
1503 1692 1579 1731 est
1600 1700 1611 1730 ι
1627 1697 1747 1730 nam
1764 1691 1887 1729 cum

513 1764 838 1812 excursiones
860 1779 1039 1812 eorum
1059 1779 1089 1813 e
1106 1754 1321 1812 Persidis
1341 1762 1570 1824 desertiS‚
1592 1778 1686 1829 per
1705 1765 1889 1822 Hyrm-

513 1841 653 1888 niam
685 1840 1073 1903 interclusisset,
1102 1843 1366 1891 victoriam
1389 1854 1419 1889 a
1442 1840 1562 1908 fuga
1579 1838 1802 1905 eripuit:
1827 1845 1890 1884 ut

511 1919 569 1966 in
577 1920 824 1984 angustiis
834 1957 848 1981 ,
857 1930 1114 1986 quantum
1128 1921 1184 1969 in
1198 1921 1322 1987 ipsis
1333 1929 1438 1968 erat
1446 1927 1615 1985 ‚capta
1625 1920 1888 1965 Persarum

513 1994 818 2054 multitudo,
850 1999 922 2039 in
935 1998 1097 2040 solam
1122 1997 1448 2045 Antiochiam
1470 1992 1748 2061 Mygdonio
1765 1992 1892 2057 adja-
1951 2000 1954 2002 ’

510 2083 712 2123 centem
746 2068 989 2137 (Nisibin
1021 2083 1133 2118 eam
1164 2071 1354 2129 Pers‘ae,
1386 2076 1660 2134 postquam
1692 2076 1894 2133 cepere,

511 2149 866 2215 adpellarunt)
880 2147 1200 2215 confugeret·
1189 2182 1203 2208 ,
1216 2163 1372 2214 quam
1386 2156 1437 2206 et
1452 2147 1612 2211 ipsam
1627 2143 1896 2210 reliquere,

518 2228 800 2278 fulminum
827 2230 988 2276 instar
1007 2238 1120 2276 tum
1139 2244 1224 2275 eos
1246 2225 1551 2303 urgentibus
1573 2225 1828 2271 Romanis.

589 2304 669 2356 35.
707 2309 807 2355 Hac
831 2307 991 2373 igitur
1010 2315 1181 2354 mente
1201 2314 1321 2352 cum
1352 2312 1479 2351 esset
1505 2302 1897 2360 Constantinus,

519 2384 920 2456 praefectumque
934 2386 1158 2434 Orientis
1172 2393 1407 2444 creasset,
1432 2381 1700 2430 rationales
1718 2380 1794 2428 illi
1812 2378 1899 2428 tri-

520 2466 770 2517 btit'orum
788 2466 1056 2514 constituit
1067 2501 1081 2525 ,
1098 2464 1235 2514 vires
1255 2460 1590 2521 venerabiles,
1607 2461 1732 2508 etin
1753 2458 1903 2506 ratio-

522 2541 1536 2602 numsubtilitatibusexercitatos.Privato
1544 2535 1903 2605 itaquehabitu

524 2633 726 2673 utentes
750 2625 804 2672 in
829 2624 1025 2689 judicio
1043 2624 1278 2685 aderant,
1304 2620 1605 2671 nihilaliud
1628 2628 1808 2687 praeter
1830 2631 1901 2663 ra-

529 2703 693 2751 tiones
712 2703 768 2751 in
792 2704 1031 2755 manibus
1049 2705 1318 2767 habenteS,
1341 2713 1392 2754 et
1414 2692 1666 2755 scriniarii
1696 2697 1777 2765 (id
1801 2703 1898 2749 est,

586 2832 638 2880 6)
665 2832 854 2882 ἀπέλιπον,
868 2834 930 2872 τὸ.
947 2833 1050 2876 Cod.
1067 2836 1297 2877 ἀπελίποντο.

590 2896 632 2949 7)
648 2892 759 2939 cod.
774 2894 1004 2950 διαψηφίσεις·
1024 2911 1027 2914 ’
1603 2971 1628 3002 2
1691 2959 1712 2983 2

1639 2971 1663 3019 7
