2748 3834
705 450 1072 502 namnetica
1107 468 1377 503 nonnul:
1410 469 1518 506 ιιιι.
1554 469 1639 509 ιιι.
1763 472 1855 524 ¹77

423 592 428 600 ,
493 540 682 608 bant).
671 544 895 609 .quippe
914 544 1005 610 qui
1023 552 1134 591 tum
1153 542 1304 592 rebus
1321 555 1566 610 praeerant
1581 543 1602 613 (
1613 546 1862 615 sapientes

434 649 436 651 >
494 622 632 669 enim
669 620 908 688 doctique
934 621 1134 687 erant),
1160 620 1412 683 sciebant,
1446 632 1648 673 noctem
1672 627 1861 682 mis-

494 701 752 763 sionibus,
769 701 904 751 diem
925 701 1183 751 laboribus
1198 718 1303 751 esse
1317 718 1345 750 a
1362 712 1543 752 natura
1558 716 1874 785 concessam,
1915 732 1917 735 ·
1936 758 1940 763 .

493 795 552 827 ac
573 778 710 829 nefas
732 778 1062 847 reputabant,
1095 779 1182 839 iis,
1206 781 1299 846 qui
1320 791 1468 830 nocte
1490 784 1709 849 negotiis
1724 798 1868 836 vaca-

495 869 610 908 rent
624 876 863 927 ,parvam
893 860 1044 908 etiam
1074 869 1189 926 post
1218 859 1337 908 solis
1367 876 1598 911 occasum
1629 861 1863 915 laborum
1891 927 1895 930 γ

496 937 842 986 remissionem
859 937 1065 1003 eripere.
1087 940 1149 985 At
1165 938 1303 985 enim
1320 954 1438 986 cum
1457 955 1563 988 non
1582 941 1698 990 satis
1712 951 1864 1003 esset,

497 1018 553 1065 in
591 1016 739 1082 pejus
776 1033 856 1064 res
888 1015 1066 1065 abiisse
1081 1052 1095 1076 ,
1133 1018 1303 1083 ipsum
1341 1006 1550 1085 quoque
1590 1018 1655 1068 ab
1683 1019 1863 1071 habitu

495 1088 733 1144 solatium
765 1095 1116 1162 honoremque
1137 1098 1469 1162 primiscrinii
1489 1100 1698 1149 amisere
1710 1136 1725 1161 ‚
1744 1137 1755 1150 .
1769 1135 1804 1151 ..
1821 1139 1831 1150 .
1848 1140 1858 1150 .

495 1174 594 1225 hoc
615 1175 793 1231 solatio
806 1212 820 1238 ‚
844 1186 905 1225 ut
919 1175 1141 1225 diximus
1153 1211 1167 1236 ,
1185 1175 1400 1242 spoliati.

875 1346 936 1377 ms
967 1345 1481 1387 conmrsamsmus.
1508 1323 1514 1329 ’

578 1485 804 1536 ι6.1)ιιο
833 1503 979 1548 cum,
1003 1497 1065 1536 ut
1094 1503 1246 1554 supra
1281 1487 1574 1549 retulimus,
1607 1505 1863 1541 commen·

499 1564 736 1613 tarienses
757 1574 942 1626 essent,
968 1581 1099 1632 quos
1123 1575 1324 1632 tempus
1347 1567 1663 1616 notariorum
1691 1586 1719 1617 e
1751 1586 1864 1619 ιιιιι-
1883 1605 1895 1619 .

501 1659 621 1691 nere
645 1644 976 1710 provehebat,
996 1646 1146 1694 sicuti
1164 1644 1450 1711 prioribus,
1470 1647 1532 1694 iis
1554 1664 1762 1714 quoque
1781 1664 1867 1697 sex
1914 1675 1918 1677 ·

499 1715 780 1784 adjutores,
805 1740 865 1771 ex
895 1721 1248 1788 Augustalium
1285 1723 1465 1788 ordine
1489 1723 1631 1784 lecti,
1663 1725 1867 1792 adpare-

499 1797 650 1859 bant,
667 1801 765 1849 viri
793 1817 965 1868 graves
987 1810 1037 1849 et
1062 1800 1267 1866 dignam
1299 1795 1406 1868 lege
1429 1803 1769 1852 austeritatem
1791 1819 1868 1852 os-

499 1878 762 1928 tendentes
781 1915 796 1940 ,
835 1895 994 1946 penes
1031 1871 1162 1945 q-uos
1206 1888 1311 1927 erat
1356 1881 1550 1928 omnis
1564 1873 1868 1947 praefecturae
1900 1872 1903 1874 ’

466 1960 743 2028 ’'potatas.
762 1958 827 2004 Hi
855 1948 1150 2006 criminales
1166 1972 1337 2004 causas
1359 1957 1423 2005 ad
1442 1958 1697 2020 judicium
1723 1958 1871 2023 defe-

499 2034 708 2095 rebant,
737 2019 1101 2104 adparentibus
1132 2033 1219 2092 iis,
1251 2041 1313 2080 ut
1335 2028 1687 2097 praediximus,
1710 2020 1869 2101 adpli-

419 2124 437 2136 ⁴
498 2113 686 2162 citariis
700 2121 750 2160 et
763 2109 1117 2160 claviculariis·
1105 2146 1120 2171 ,
1131 2108 1322 2176 quibus
1332 2109 1635 2177 accedebant
1650 2110 1866 2172 lictores,

500 2189 674 2238 ferreis
719 2178 940 2237 vinculis
985 2198 1037 2236 et
1075 2187 1357 2253 poenalium
1406 2189 1868 2238 instrumentorum

501 2265 919 2333 flagellorumque
943 2264 1218 2330 multiplici
1241 2265 1385 2330 copia
1406 2264 1662 2328 judicium
1685 2265 1871 2331 pavore

500 2346 759 2412 agitantes.
770 2344 1058 2398 Constituto
1067 2351 1238 2390 autem
1249 2341 1641 2391 ducenariorum
1653 2345 1871 2410 agmine,

502 2431 554 2471 et
585 2423 696 2470 sine
726 2421 850 2488 legis
878 2420 1176 2470 auctoritate
1208 2420 1375 2469 noxiis
1401 2419 1700 2531 castigandis
1732 2420 1873 2508 suffi-

487 2497 715 2548 ciebant
789 2495 796 2503 ’

557 2633 606 2681 6)
632 2630 731 2671 Cod.
749 2635 895 2672 nomem
915 2633 993 2687 ὄργ.
1005 2664 1013 2673 .
1027 2648 1070 2672 aa.

562 2698 608 2751 7)
634 2697 746 2751 Lego
773 2692 833 2737 κάὶ
847 2701 1045 2753 πλήκτρων.

560 2761 610 2810 8)
632 2759 734 2801 cod.
748 2763 920 2808 ποικιλιας
935 2765 1143 2803 ἀλευὸντων.

559 2825 608 2877 9)
634 2826 856 2869 oab-Smin.
876 2825 1113 2878 conjectura
1129 2837 1181 2864 ex
1199 2824 1367 2878 reliquis
1386 2791 1634 2866 literarum

1578 2886 1639 2933 23
