2748 3834
875 1371 912 1416 τ)
925 1372 965 1406 ο.

873 1416 898 1448 f.

874 1471 910 1504 p.
921 1471 954 1494 v.

1003 519 1093 566 186
1294 529 1435 561 Lym
1470 527 1540 556 DE
1575 524 2042 558 MAGISTRATIBUS

993 608 1110 656 αὐτὸς
1134 606 1403 661 ὃιαμέμνημαι.
1432 601 1687 658 Διαγνώσεως
1716 600 1792 660 γὰρ
1821 599 2058 657 εἰσαχθείσης
2083 597 2174 658 μὲν,
2199 605 2276 646 τῶν
2305 600 2350 647 δὲ

991 684 1050 728 ἐπ’
1068 683 1164 739 αὐτῇ
1187 679 1431 739 πραχθέντων
1453 674 1629 734 οὐδαμοῦ
1650 676 1910 737 φαινομένων,
1929 676 2181 735 εἰσαχθέντος
2203 676 2264 722 ἐπὶ
2279 685 2348 728 τῆς

991 761 1114 819 ἀρχῆς
1138 759 1206 799 τοῦ
1228 753 1435 813 λεγομένου
1455 753 1709 814 περσοναλίου
1732 752 1795 803 έςὶ
1813 751 2017 812 διάγνωσις
2043 751 2127 798 κατ’
2150 752 2260 798 οὐδὲν
2283 755 2348 798 ἐν·
2393 771 2405 785 ·-
2429 751 2439 759 ’

992 833 1148 878 δέουσα.
1177 829 1259 875 Καὶ
1280 831 1336 880 τίς
1356 829 1435 873 οὐκ
1454 829 1502 874 ἂν
1524 828 1784 892 ἐπιδακρύσῃ,
1809 834 1885 874 τῶν
1909 830 2107 890 ἐγκωμίων
2129 831 2181 880 εἰς
2197 835 2349 891 μνήμην

989 912 1221 973 ἐρχόμενος,
1249 907 1305 958 οἷς
1333 907 1430 970 ὑπὲρ
1451 915 1519 958 τῆς
1545 905 1689 959 τάξεως
1720 908 1784 952 καὶ
1808 912 1884 953 τῶν
1902 909 2089 955 τοιούτων
2118 916 2186 960 τῆς
2210 912 2349 972 ἀρετῆς

988 990 1265 1050 γνωρισμάτων
1291 986 1482 1048 ἐχρήσατο
1508 987 1668 1048 Σέργιός
1689 1003 1729 1031 τε
1753 986 1773 1030 ὁ
1795 986 1939 1042 πολὺς,
1957 987 2020 1031 καὶ
2045 988 2223 1050 Πρόκλος
2249 989 2269 1032 ὁ
2292 986 2350 1032 δι-

987 1068 1191 1115 καιότατος
1200 1099 1214 1120 ,
1239 1064 1513 1126 Τριὸουνιανός
1532 1081 1573 1109 τε
1595 1064 1616 1107 ὁ
1633 1064 1956 1123 πολυμαθέςατος
1968 1099 1983 1121 ,
1998 1060 2080 1126 (ὧν
2099 1065 2120 1107 ὃ
2137 1063 2207 1124 μὲν
2222 1067 2350 1127 ὕπαρ-

983 1164 1082 1206 χος,
1105 1144 1183 1194 οἷος
1203 1143 1273 1188 οὐκ
1290 1144 1409 1194 ἄλλος
1416 1178 1430 1200 ,
1451 1144 1486 1188 οἱ
1510 1142 1551 1188 δὲ
1568 1143 1687 1206 ἄμφω
1704 1145 1922 1206 κυαίςωρες
1940 1146 2138 1205 γενόμενοι
2154 1146 2221 1193 τὴν
2238 1145 2348 1190 πολι-

988 1226 1091 1270 τειάν
1110 1225 1328 1283 ἐκόσμησαν
1334 1220 1377 1285 ,)
1409 1224 1782 1284 συλλαμὸανομένων
1799 1223 1930 1274 αὐτοῖς
1951 1219 1990 1263 1)
2010 1223 2095 1286 περὶ
2122 1223 2214 1274 τοὺς
2231 1223 2349 1269 ἐπαί-

989 1318 1080 1351 νους
1110 1305 1263 1347 πάντων
1291 1304 1389 1361 ὁμοῦ
1413 1308 1490 1347 τῶν
1510 1305 1597 1347 τότε
1614 1300 1846 1363 δικολόγων,
1864 1301 1949 1364 περὶ
1964 1297 2017 1345 ὧν
2041 1307 2153 1362 σιγᾷν
2177 1305 2348 1360 ἄμεινον,

992 1382 1015 1430 ἢ
1043 1380 1132 1443 παρ’
1169 1379 1211 1426 *)
1246 1378 1357 1433 ἀξίαν
1386 1381 1551 1427 ἐπαινεῖν
1575 1383 1832 1443 κοσμιώτερον
1868 1382 1986 1440 οἶμαι.
2015 1379 2097 1425 Καὶ
2126 1383 2250 1424 ταῦτα
2281 1381 2350 1439 μέν

992 1471 1098 1506 ποτε·
1119 1462 1186 1502 νῦν
1209 1457 1251 1502 δὲ
1268 1459 1313 1503 οὐ
1331 1458 1457 1518 μόνον
1478 1460 1549 1503 οὐκ
1563 1462 1673 1515 ἔςιν,
1689 1457 1775 1504 ἀλλ’
1797 1457 1888 1502 οὐδὲ
1908 1463 2059 1519 μνήμης
2074 1457 2176 1507 τινὸς
2193 1454 2350 1509 ἀξιοῦν-

990 1555 1071 1593 ται,
1097 1535 1142 1580 δι’
1164 1537 1213 1587 ἃς
1236 1537 1312 1597 οὐχ
1331 1538 1441 1590 ἅπαξ
1458 1537 1713 1597 ἀπεδώκαμεν
1736 1538 1874 1587 αἰτίας.
2361 1536 2364 1538 Α

1343 1615 1558 1634 ‚‚‚‚‚

990 1698 1066 1738 τῶν
1092 1695 1353 1753 συνθημάτων
1369 1698 1440 1739 τοῦ
1464 1693 1655 1754 δημοσίου
1685 1692 1834 1756 δρόμου
1866 1695 2095 1754 τεταγμένος
2119 1695 2174 1738 ἔτι
2196 1691 2260 1736 καὶ
2283 1693 2351 1735 νῦν

989 1771 1137 1830 λέγεται
1160 1772 1250 1830 μὲν,
1285 1777 1443 1835 πράττει
1473 1772 1515 1818 δὲ
1546 1771 1681 1829 οὐδὲν,
1714 1775 1784 1818 τοῦ
1808 1773 2005 1834 μαγίς-ρον
2037 1777 2104 1820 τῆς
2133 1769 2252 1820 αὐλῆς
2283 1772 2349 1819 τὴν

991 1848 1081 1898 ὅλην
1104 1847 1338 1916 ὑφελομένου
1360 1853 1431 1895 τοῦ
1454 1854 1683 1912 πράγματος
1706 1848 1900 1902 ἐξουσίαν.
1929 1847 2045 1894 Μεθ’
2064 1848 2108 1892 ὃν
2133 1842 2175 1887 2)
2203 1848 2239 1891 οἱ
2269 1853 2346 1893 τῶν

990 1922 1212 1973 διοικήσεων
1233 1931 1359 1989 κοῦρα
1381 1928 1672 1990 ἐπις-ολάρουμ,
1700 1929 1736 1972 οἳ
1761 1930 1829 1978 τὰς
1852 1927 1921 1987 μὲν
1949 1928 2012 1972 ἐπὶ
2035 1926 2116 1976 τοὶς
2148 1924 2348 1984 δημοσίοις

991 2005 1184 2062 φοιτώσας
1210 2005 1362 2064 ψήφους
1382 2008 1579 2064 γράφουσι
1601 2007 1742 2061 μόνον,
1762 2006 1806 2047 τὸ
1825 2005 1960 2046 λοιπὸν
1980 2004 2349 2062 καταφρονούμενοι·

990 2078 1027 2120 οἱ
1058 2077 1099 2121 δὲ
1127 2080 1325 2137 λεγόμενοι
1352 2080 1580 2141 τρακτευταὶ
1593 2115 1606 2135 ,
1632 2082 1701 2127 τὴν
1728 2080 1968 2139 ἐγνωσμένην
1997 2080 2128 2128 αὐτοῖς
2159 2077 2350 2124 διδασκα-

988 2155 1072 2199 λίαν
1102 2155 1349 2207 ὑποτιὲέντες
1371 2163 1427 2218 τῷ
1457 2162 1734 2219 προς-άγματι,
1757 2160 1824 2205 τὴν
1857 2157 1947 2207 ὅλην
1978 2156 2204 2218 ὑφήρπαζον
2235 2156 2350 2209 ἐξου-

976 2233 1094 2286 σίαν’,
1116 2233 1268 2291 μαλιςα
1289 2233 1331 2285 ἐξ
1352 2239 1443 2279 ὅτου
1462 2238 1529 2283 τὴν
1547 2237 1672 2296 ἀρχὴν
1690 2235 1840 2284 ἑαυτοῖς
1863 2233 2061 2294 ἐὲάρῥουν
2078 2236 2288 2294 περιποιεῖν
2305 2235 2346 2279 οἱ
2407 2255 2411 2259 ·

990 2315 1227 2373 σκρινιάριοι.
1265 2307 1305 2353 5)
1338 2315 1469 2376 Πέρας
1507 2313 1577 2372 μὲν
1616 2309 1691 2357 ὧδε
1724 2319 1799 2358 τῶν
1837 2313 1982 2372 λογι...
2019 2306 2063 2351 4)
2097 2313 2177 2362 τῆς
2199 2310 2345 2364 τάξεως

992 2395 1246 2448 συςημάτων.
1266 2392 1511 2454 Δουκινάριοι
1529 2391 1592 2435 καὶ
1616 2395 1839 2452 κεντινάριοι
1849 2425 1863 2445 ,
1885 2389 2047 2451 βίαρχοί
2062 2406 2103 2433 τε
2124 2389 2187 2432 καὶ
2204 2389 2346 2433 ἀδιού-

951 2478 954 2479 ’
987 2483 1134 2527 τωρες,
1160 2468 1223 2510 καὶ
1252 2470 1302 2511 τὰ
1327 2469 1447 2514 λοιποὶ
1473 2475 1541 2516 τῆς
1570 2465 1714 2518 τάξεως
1746 2467 1863 2526 μέλη,
1894 2468 2061 2510 ἀνύοντα
2081 2469 2147 2514 τὴν
2168 2465 2245 2510 ὑπὸ
2275 2472 2345 2511 τοῦ

989 2547 1110 2604 νόμου
1145 2546 1367 2604 τεθειμένην
1408 2546 1539 2594 αὐτοῖς
1573 2545 1833 2606 λειτουργίαν,
1872 2545 1993 2605 τέρμα
2028 2550 2097 2593 τῆς
2138 2545 2349 2606 ςρατείας,

1047 2673 1090 2721 1)
1117 2671 1216 2712 Cod.
1249 2679 1317 2713 τῶν
1336 2677 1472 2720 αὐτοῖς.

1041 2739 1087 2786 2)
1115 2737 1214 2777 Cod.
1242 2743 1364 2791 μέσον.

1040 2801 1088 2850 5)
1114 2801 1213 2841 Cod.
1243 2806 1450 2856 σκρινάριοι.

1040 2866 1085 2916 4)
1112 2867 1221 2920 Lego
1245 2869 1406 2920 λογικῶν.
1426 2866 1545 2908 Conf.
1572 2880 1646 2918 111,
1678 2880 1720 2920 7,
1743 2867 1899 2919 λογικαῖς
1918 2868 2163 2919 λειτουργιαις.
