2748 3834
540 535 926 570 nmrunmcnz
962 534 1239 567 nonnius
1272 535 1380 569 nn.
1417 537 1476 570 11.
1591 519 1683 590 ¹37

319 623 428 662 tum
454 626 652 676 semper
674 607 843 655 aderat
865 608 998 671 regi,
1020 614 1109 653 aut
1132 606 1387 671 singulare
1411 611 1686 675 imperium

320 690 547 749 tenenti,
577 686 888 755 equestrium
910 684 1170 750 copiarum
1193 683 1325 743 dux,
1352 686 1549 752 totique
1561 689 1689 741 ‘aula

319 767 582 837 praefectus
603 785 613 814 ε
642 781 822 832 quare,
845 764 938 830 qui
954 761 1221 811 recentiori
1236 763 1444 811 nomine
1458 765 1693 831 magister

321 846 629 913 adpellatur‚
670 843 745 891 nil
769 841 909 890 aliud
937 842 1035 888 nisi
1061 840 1296 907 magister
1327 843 1561 907 equitum
1586 854 1692 906 est3

323 925 508 973 mutati
529 932 701 972 autem
732 920 959 969 nominis
980 934 1125 966 causa
1151 917 1250 967 fuit
1282 919 1444 983 major
1476 930 1694 986 potestas

326 1003 401 1051 illi
425 1000 682 1050 attributa.
707 999 912 1063 Quippe
938 997 1162 1062 magistri
1187 994 1474 1047 officiorum
1505 1016 1693 1049 nomen

324 1097 466 1146 aeque
489 1078 775 1127 aulicorum
800 1075 1142 1142 catalogorum
1163 1074 1371 1137 ducem,
1396 1087 1455 1126 ut
1473 1079 1696 1144 praedixi-

326 1173 444 1206 mus
458 1193 471 1218 ‚
489 1154 740 1222 significat
755 1192 768 1215 ‚
786 1154 977 1221 quibus
993 1171 1111 1202 cum
1141 1164 1395 1220 equestres
1418 1165 1527 1204 tum
1550 1156 1696 1222 pede-

327 1246 452 1284 stres
470 1235 788 1300 imperatoris
809 1234 964 1299 copiae
978 1270 991 1292 ‚
1012 1222 1228 1281 numero
1250 1233 1421 1282 decem
1439 1235 1605 1283 millia
1623 1252 1700 1284 ar·

331 1324 586 1363 matorum
606 1350 620 1373 ‚
645 1313 992 1361 continentur.
1018 1315 1078 1359 Et
1107 1311 1204 1360 hoc
1221 1312 1430 1379 quidem
1451 1330 1561 1361 uno
1580 1331 1698 1363 con-

329 1392 491 1441 stabat
511 1395 513 1399 “
530 1393 756 1458 magistri
797 1392 1029 1457 equitum
1069 1401 1300 1456 potestas
1327 1409 1339 1438 τ
1377 1400 1429 1439 at
1466 1393 1701 1458 magister

331 1472 525 1537 potior,
564 1471 779 1538 imperio
816 1464 879 1517 ad
919 1478 1109 1517 tantam
1153 1468 1476 1518 altitudinem
1515 1481 1699 1524 evecto.

334 1554 464 1598 Tum
497 1551 636 1604 enim
671 1549 830 1598 solam
863 1548 1062 1597 Italiam
1107 1548 1440 1615 possidebant
1454 1552 1702 1612 Romani3

334 1646 477 1678 nunc
495 1639 688 1689 autem,
722 1628 816 1677 deo
833 1627 1150 1695 gubernante
1164 1665 1178 1688 ,
1196 1645 1402 1677 omnem
1426 1611 1580 1678 simul
1596 1640 1705 1679 ter-

335 1723 444 1754 ram
469 1722 709 1772 mareque
733 1716 923 1762 tenent.

407 1782 486 1832 25.
512 1785 640 1845 Quis
663 1802 783 1833 vero
807 1786 1009 1851 primus
1030 1786 1268 1850 magister
1298 1787 1594 1836 nominatus
1617 1789 1709 1849 sit,

337 1862 503 1911 dicere
522 1879 744 1930 nequeo,
763 1872 959 1911 tacente
982 1862 1193 1910 historia
1215 1881 1236 1910 :.
1250 1881 1418 1929 neque
1433 1866 1572 1929 enim
1593 1875 1711 1914 ante

337 1941 703 1988 Martinianum
731 1965 746 2000 ,-
787 1941 881 2005 qui
922 1938 1018 1987 sub
1057 1939 1256 1987 Licinio
1300 1936 1548 2005 magister
1579 1941 1679 1994 fuit
1698 1980 1711 2004 ,

298 2051 302 2054 «
337 2019 468 2067 alius
498 2018 802 2083 cujusquam
829 2025 1020 2064 nomen
1047 2017 1258 2064 historia
1275 2019 1461 2081 prodit.
1490 2020 1715 2069 Subhoc

339 2098 451 2163 ipso
472 2102 647 2144 auteni
670 2083 1304 2154 LicinioConstantinusJ
1324 2094 1462 2143 solus
1491 2105 1595 2143 tota
1627 2099 1718 2144 im·
1748 2107 1753 2113 ¹

338 2177 475 2244 perii·
488 2185 732 2244 potestate
744 2177 940 2242 potitus
952 2211 966 2235 ,
981 2175 1280 2240 magistrum
1297 2175 1423 2223 aulae
1438 2175 1717 2226 Palladium

343 2254 559 2312 creavit5
589 2254 760 2302 virum
786 2253 1125 2322 prudentem,v
1151 2254 1245 2318 qui
1279 2257 1448 2301 Persas
1480 2257 1720 2303 Romanis

306 2342 310 2345 “
346 2330 405 2397 et}
419 2329 619 2394 Galerio
641 2332 947 2379 Maximiano
969 2341 1116 2378 antea
1137 2330 1329 2396 legatus
1351 2332 1717 2380 conciliaverat.

346 2410 621 2476 Cupientes
632 2425 752 2458 vero
767 2408 1091 2458 succedentes
1104 2409 1342 2476 deinceps
1359 2409 1422 2458 ad
1444 2427 1537 2458 nos
1558 2427 1720 2476 usque

347 2490 732 2554 magistroscnon
746 2489 976 2555 ignorare
989 2525 1003 2549 ‚
1019 2489 1136 2537 satis
1150 2487 1351 2537 docebit
1366 2491 1541 2536 Petrus
1564 2488 1648 2536 ille
1666 2490 1720 2537 in

350 2565 592 2615 omnibus
619 2565 850 2615 'excelsus
868 2601 881 2628 ,
929 2577 980 2615 et
1018 2567 1265 2615 universae
1299 2566 1519 2615 historiae
1557 2577 1723 2614 certus

352 2652 528 2691 auctor
540 2650 560 2703 ,’·
577 2645 633 2691 in
666 2645 729 2693 iis
744 2681 757 2705 ‚
789 2661 901 2712 quae
926 2644 990 2694 de
1014 2631 1326 2712 magisterio,
1345 2643 1487 2711 quod
1511 2654 1692 2694 vocant
1709 2681 1722 2704 ‚

356 2723 664 2787 conscripsit.

427 2797 506 2846 26.
538 2800 704 2848 Crevit
729 2802 885 2867 igitur
913 2812 1130 2868 potestas
1156 2804 1472 2869 magistratus
1498 2820 1508 2848 τ
1535 2800 1722 2848 etenim

357 2891 465 2924 non
502 2884 703 2925 tantum
739 2878 1116 2949 deprecationes
1145 2881 1457 2946 populorum
1487 2875 1723 2941 magistro

1492 2953 1551 3000 18
