2748 3834
771 487 848 528 ΠΕ
888 495 1130 529 JoANNE
1170 495 1351 529 LYno.
1594 494 1751 528 XXXV

395 571 624 654 tempore
665 590 984 640 floruerunt?
1018 606 1202 654 nempe
1230 605 1407 638 omnes
1443 595 1557 653 post
1584 588 1748 654 impe-

394 677 531 726 rium
552 676 735 727 domus
762 678 998 728 Isauricoe
1030 695 1041 725 ε
1066 675 1371 726 Theodorus
1408 676 1749 743 Daphnopats

391 766 579 816 saeculo
620 781 682 816 rx
725 774 819 816 aut·
852 765 1104 830 posterius
1147 780 1159 811 z
1205 782 1322 815 nam
1363 766 1564 831 scripsit
1597 765 1750 815 etiam

394 854 557 904 vitam
586 852 850 903 Theodori
887 851 1099 903 Studitse
1141 870 1185 901 a.
1227 852 1326 903 826
1370 853 1563 903 mortui
1602 868 1614 900 :
1653 854 1749 903 Ni-

393 949 526 990 cetas
561 941 820 1007 Paphlago
859 942 1012 1006 paulo
1051 950 1166 1007 post
1205 959 1247 991 a.
1290 942 1389 991 880
1434 960 1444 989 :
1493 942 1746 992 Genesius

395 1031 526 1079 circa
546 1047 587 1079 a.
607 1032 740 1097 940:
769 1031 876 1082 Leo
909 1031 1127 1080 Asianus
1157 1039 1270 1096 post
1292 1033 1390 1098 949
1413 1050 1424 1078 :
1452 1040 1517 1081 ut
1536 1049 1643 1081 non
1679 1031 1746 1081 sit

391 1118 676 1183 probabile,
714 1119 850 1169 inter
871 1118 966 1168 hos
992 1126 1194 1184 tamque
1225 1128 1461 1170 recentes.
1479 1121 1603 1186 poni
1621 1109 1744 1170 scri·

393 1214 591 1272 ptorem
636 1208 880 1273 temporis
924 1208 956 1255 J
959 1208 1243 1257 ustinianei.
1289 1209 1425 1257 Dein
1454 1245 1467 1267 ,
1521 1225 1633 1272 quse
1676 1209 1748 1258 ait

393 1295 639 1360 Scylitza,
679 1313 852 1346 nonne
886 1314 943 1346 ea
978 1297 1034 1345 in
1068 1295 1315 1360 ejusmodi
1346 1298 1614 1362 scriptores
1657 1315 1743 1362 po-

391 1384 493 1434 tius
512 1382 688 1435 cadere
706 1384 975 1448 videntur,
1010 1385 1100 1450 qui
1129 1385 1373 1451 principis
1402 1386 1615 1451 alicujus
1640 1386 1745 1436 viri

357 1533 367 1543 ·
391 1473 579 1536 vitam,
601 1474 656 1522 in
685 1491 786 1538 qua
816 1474 1160 1538 elaborarent,
1188 1475 1285 1524 sibi
1315 1475 1659 1540 seposuerint,
1686 1482 1743 1524 ut

392 1560 753 1611 Constantinus
789 1563 954 1612 Caesar
986 1563 1159 1612 Basilii
1194 1563 1506 1613 Macedonis-
1531 1564 1645 1626 avi‚
1688 1571 1745 1613 ut

392 1648 545 1700 Anna
567 1648 826 1700 Comnena
849 1650 1025 1700 Alexii
1047 1652 1228 1715 patris:
1250 1670 1402 1717 quam
1427 1653 1481 1701 in
1506 1651 1711 1718 Lydum
1731 1688 1745 1714 ,

394 1738 486 1801 qui
509 1737 832 1802 antiquitates
850 1727 1296 1796 Romanasmulto
1319 1748 1392 1789 est
1418 1743 1574 1807 magis
1593 1758 1748 1806 quam

390 1843 471 1876 res
490 1827 522 1875 J
524 1826 767 1877 ustiniani
781 1842 847 1873 ex
862 1827 1125 1888 proposito
1139 1814 1462 1889 persecutus?
1477 1829 1648 1889 Quare
1662 1829 1748 1879 vel

390 1914 563 1966 locum
581 1911 817 1965 vitiatum
835 1927 941 1962 esse
954 1947 969 1972 ,
997 1910 1083 1959 vel
1103 1911 1181 1975 agi
1201 1913 1431 1977 suspicor
1447 1914 1510 1963 de
1524 1916 1748 1980 quodam

295 2027 298 2029 ·
389 1999 562 2052 saeculi
575 2015 615 2049 x
630 1997 874 2063 scriptore
887 1997 921 2044 J
921 2014 1112 2057 oanne
1131 2006 1181 2047 et
1202 1999 1347 2087 Lydo
1365 2001 1483 2064 illo,
1500 2011 1550 2064 et
1571 2021 1749 2053 mona-

0 3626 23 3765 &Uri-ff*
0 3583 2 3586 v

0 3772 29 3834 jem-”-

389 2089 533 2140 cho:
561 2087 705 2141 hunc
741 2093 911 2140 autem
950 2103 1056 2140 esse
1085 2094 1174 2137 aut
1215 2088 1429 2138 omnino
1462 2089 1749 2185 perditun„

392 2186 480 2228 aut
500 2184 633 2228 certe
656 2174 844 2229 adhuc
846 2183 896 2225 et
914 2173 1190 2240 ineditum,
1215 2183 1266 2226 et
1282 2177 1585 2265 ignoratum.

454 2355 616 2407 XVI
627 2355 752 2405 Post
772 2355 1271 2427 Constantinopolim
1292 2374 1335 2406 a.
1360 2357 1490 2407 1204
1508 2375 1538 2407 a
1559 2359 1747 2409 nostris
1809 2410 1852 2445 Ep
1855 2412 1950 2435 llllll

388 2446 688 2503 hominibus
708 2452 930 2510 captam,
952 2462 1071 2495 cum
1088 2446 1265 2496 multis
1281 2447 1561 2513 repentinis
1579 2448 1746 2513 regnis
1768 2454 1993 2531 mnienssffisssfl

389 2534 618 2600 undique
634 2534 826 2594 exortis
845 2535 1050 2584 Graecia
1062 2533 1318 2586 diuturnis
1336 2537 1748 2586 dimicationibus

390 2623 622 2689 flagraret
638 2661 653 2683 ,
683 2622 1114 2688 quemadmodum
1141 2625 1485 2690 complurium
1503 2625 1747 2687 aliorum,

393 2711 464 2764 ita
497 2711 635 2777 Lydi
669 2729 875 2777 quoque
910 2712 1135 2778 reliquos
1171 2713 1227 2762 in
1257 2713 1467 2763 Oriente
1496 2713 1640 2763 codd
1670 2714 1754 2762 ab·

395 2806 590 2852 sumtus
622 2816 728 2852 esse
763 2799 1004 2853 credibile
1030 2808 1147 2851 est:
1184 2809 1366 2866 praeter
1387 2819 1546 2866 pauca
1571 2803 1675 2863 ejus
1706 2805 1755 2846 et

1476 2905 1502 2933 e
1528 2885 1571 2947 ij
