2748 3834
860 476 1060 548 lxxxvj

862 609 1338 674 obversabantur,
1380 605 1740 677 usurpandis.
1771 605 2028 660 Indicem
2053 626 2199 679 quo—

862 735 973 790 que
989 724 1287 768 auctorum
1303 710 1651 784 peculiarem
1669 712 1851 786 adjeci
1869 733 1886 784 3
1914 713 2129 788 quippe
2148 723 2205 771 et

862 820 1111 876 indicem
1131 838 1324 874 rerum
1347 822 1596 894 eumque
1618 821 1916 895 copiosum
1931 819 2167 878 confeci.

942 1022 1041 1078 Ad
1058 1021 1385 1077 versionem
1402 1030 1594 1076 autem
1612 1019 1768 1094 quod
1785 1021 2007 1091 attinet,
2030 1006 2209 1078 fateor

864 1149 982 1196 me,
1011 1127 1275 1202 quamvis
1293 1127 1439 1184 nihil
1456 1148 1576 1185 non
1595 1125 1856 1201 fecerim,
1881 1129 2093 1185 necubi
2114 1150 2208 1185 me
2268 1137 2272 1140 ’

866 1232 1108 1286 auctoris
1142 1235 1422 1290 sententia
1451 1235 1673 1311 fugeret
1693 1281 1709 1308 ‚
1746 1239 1939 1295 vereri
1975 1250 2167 1295 tamen
2189 1282 2207 1307 ,

866 1359 940 1394 ne
973 1339 1270 1414 aliquoties
1304 1362 1335 1397 a
1362 1362 1504 1399 vero
1530 1346 1935 1405 aberraverim.
1978 1348 2211 1405 Etenim

867 1466 987 1502 non
1037 1467 1218 1521 pauca
1268 1450 1682 1521 occurrebant,
1745 1471 1874 1526 quae
1920 1451 2214 1526 quomodo

869 1554 1231 1628 potissimum
1266 1566 1555 1612 verterem
1575 1601 1590 1628 ,
1628 1554 2219 1613 dubitavi.Obscuri-

870 1661 995 1744 tatis
1030 1671 1223 1718 autem
1257 1662 1421 1738 culpa
1450 1662 1661 1740 partim
1687 1661 1825 1736 ipsis
1849 1660 2051 1732 rebUS‚
2088 1677 2220 1734 par-

870 1768 976 1823 tim
1010 1770 1228 1826 auctori
1269 1771 1575 1828 tribuenda
1596 1812 1614 1838 ‚
1671 1769 1836 1842 cujus
1867 1766 2066 1823 oratio>
2089 1785 2220 1840 per-

873 1877 1170 1948 spicuitate
1203 1877 1443 1949 minime
1478 1875 1932 1955 commendatur.
1973 1873 2130 1930 Nam
2166 1883 2224 1928 et

875 1979 1056 2034 verba
1082 1977 1435 2051 quandoque
1466 1998 1675 2050 parum
1709 1980 1913 2038 usitata
1934 1992 1971 2046 ,Ἃ
1994 1977 2221 2033 aut-in-

830 2112 838 2115 -
878 2080 1172 2135 solentiori
1191 2123 1210 2149 ‚
1273 2091 1334 2136 ut
1379 2081 1522 2137 mihi
1582 2083 1820 2158 quidem
1856 2081 2223 2150 ,videliatum

879 2185 1292 2261 significatione
1315 2166 1661 2267 usurpavit.
1697 2196 1763 2254 ut
1799 2204 2223 2259 nonnunquam

879 2294 942 2348 in
977 2292 1259 2350 vertendo
1290 2293 1479 2367 potius
1513 2311 1636 2366 rem
1667 2291 1850 2367 ipsam
1870 2335 1886 2362 ‚
1926 2310 2103 2365 quam
2140 2310 2228 2345 so-

881 2397 1042 2453 litam
1076 2374 1395 2454 verborum
1435 2397 1561 2452 vim
1582 2397 2021 2480 respiciendam
2058 2407 2228 2471 puta-

882 2505 1088 2562 verim.
1123 2505 1358 2561 Horum
1383 2506 1702 2577 verborum
1737 2505 2059 2580 pleraque
2038 2524 2105 2563 m
2139 2505 2230 2561 in-

888 2598 1014 2672 dice
1051 2635 1243 2671 rerum
1278 2614 1510 2697 notavi,
1547 2615 1785 2695 *adjectis
1822 2615 1943 2683 aliis
1978 2614 2232 2670 nonnul-

886 2723 989 2794 lis»,
1021 2744 1151 2800 quae
1171 2723 1269 2781 vel
1292 2723 1353 2779 in
1381 2722 1578 2780 lexicis
1606 2742 1720 2797 non
1739 2722 2105 2792 inveneram,
2132 2721 2232 2779 vel
