2748 3834
630 487 999 521 nmpunmcuz
1034 485 1298 518 ROMANAE
1333 486 1431 519 Lm.
1468 488 1527 519 11.
1672 488 1764 534 109

394 564 687 612 sortientem
708 598 722 621 ,
758 563 813 611 in
850 560 1038 623 palatio
1085 558 1347 608 manifeste
1388 576 1592 609 cernere
1629 559 1761 611 licet.

395 644 742 705 Congregante
775 637 914 684 enim
945 651 997 683 se
1021 642 1198 682 senatu
1218 669 1232 692 ‚
1272 632 1428 699 (olim
1463 638 1670 701 quidem
1706 642 1763 689 in

394 718 610 777 senatis,
657 715 709 764 id
739 724 812 764 est
836 751 849 775 ‚
890 716 1141 780 γερουσίαις,
1179 728 1326 760 nunc
1350 721 1522 760 autem
1557 715 1613 762 in
1638 717 1766 782 pala.

396 798 468 845 tio
486 796 539 862 ,)
571 796 820 862 primores
844 792 1140 858 degentium
1172 789 1243 839 ibi
1267 792 1530 857 copiarum
1546 829 1560 854 ‚
1593 809 1622 841 a
1641 795 1767 844 sedi-

395 874 494 923 bus
532 874 639 923 suis
676 872 880 937 longius
920 869 1200 935 progressi,
1254 867 1546 934 praefectum
1589 872 1644 920 in
1681 890 1766 940 ge-

395 969 501 1000 nua
538 947 934 1017 procumbentes
971 947 1235 1011 excipiunt
1254 982 1268 1007 ,
1307 946 1400 1012 qui
1430 947 1604 997 osculo
1634 966 1764 1003 acce-

395 1032 573 1080 dentes
613 1029 855 1095 dignu-tur
870 1064 883 1088 ,
921 1027 1196 1075 exereitum
1233 1024 1403 1075 colens
1423 1044 1437 1086 ;
1474 1037 1628 1095 atque
1661 1031 1769 1096 ipse

395 1111 584 1169 Caesar,
624 1107 678 1156 id
722 1117 796 1156 est
820 1143 833 1167 ,
867 1109 1214 1154 Romanorum
1247 1106 1559 1172 imperator‚-
1591 1108 1766 1160 relicto

395 1186 605 1254 palatio,
634 1184 852 1253 pedibus
876 1184 1066 1233 accedit
1085 1217 1099 1243 ‚
1131 1185 1480 1249 magistratum
1511 1187 1616 1252 ipse
1640 1190 1766 1237 exci-

394 1269 543 1334 piens
566 1285 578 1313 z
599 1262 692 1331 qui
717 1280 836 1313 cum
857 1280 962 1312 una
989 1264 1131 1312 intus
1146 1272 1296 1324 sunt,
1321 1281 1487 1314 severa
1510 1267 1735 1316 custodia
1751 1305 1766 1329 ,

396 1345 595 1393 nemini
612 1344 999 1409 magistratuum
1019 1351 1134 1409 post
1157 1358 1276 1390 eum
1308 1343 1520 1392 introire
1534 1380 1549 1405 ,
1571 1360 1766 1411 neque,

396 1422 560 1472 soluta
577 1423 822 1472 concione
834 1459 848 1482 ,
867 1422 1108 1487 cuiquam
1129 1437 1158 1469 e
1182 1420 1499 1470 senatoribus
1510 1432 1627 1471 ante
1646 1439 1766 1472 eum

396 1503 531 1549 exire
556 1501 871 1567 permittens.
900 1502 1067 1566 Atque
1094 1499 1193 1548 hoc
1222 1509 1511 1550 constanter
1540 1500 1768 1551 observa-

398 1589 510 1627 tum
529 1588 603 1628 est
618 1577 683 1627 ad
705 1576 973 1625 Theodosii
990 1578 1211 1639 junioris
1230 1587 1457 1642 tempora
1476 1598 1491 1628 a
1513 1581 1632 1647 qui,
1648 1597 1768 1647 quo-

396 1657 535 1704 niam
573 1671 704 1721 puer
731 1664 841 1703 erat
858 1689 872 1714 ,
900 1670 1068 1719 neque
1093 1654 1227 1719 ipse,
1250 1653 1534 1703 secundum
1558 1675 1766 1708 consue·

396 1733 630 1781 tudinem
643 1730 844 1780 obviam
861 1730 1166 1797 procedens,
1185 1728 1434 1795 honorem
1453 1735 1777 1800 magistratui<

395 1821 594 1878 poterat
626 1809 862 1859 exhibere
879 1846 893 1868 ‚
934 1819 995 1856 ut
1028 1810 1199 1874 posita
1221 1808 1413 1876 effigies
1459 1812 1620 1878 ipsius
1657 1814 1770 1864 loco

394 1883 980 1954 praefectumexciperet,
995 1885 1231 1935 decrevit.
1254 1890 1317 1935 Et
1333 1898 1526 1938 mutata
1543 1894 1768 1956 genuina

394 1964 818 2031 pronuntiatione
829 1964 1125 2028 ‚persicium
1138 1963 1323 2029 vulgus
1334 1975 1591 2030 sceptrum
1606 1968 1769 2034 adpel-

395 2042 496 2102 lat;
521 2040 643 2106 quia
657 2058 759 2106 per
786 2058 840 2090 se
861 2043 1211 2089 Romanorum
1229 2057 1466 2090 sermone
1480 2042 1605 2093 466?
1627 2049 1768 2095 ἑαυτοῦ

392 2119 595 2169 dicitur.
616 2122 722 2168 Hoc
748 2119 858 2185 ipso
884 2117 1080 2168 honore
1102 2128 1274 2168 autem
1298 2129 1348 2168 et
1366 2119 1631 2187 praefectus
1649 2110 1770 2172 urbi

392 2215 421 2248 a
440 2199 623 2263 majori
639 2199 935 2264 magistratu
948 2197 1187 2247 adficitur
1202 2200 1462 2258 ‚nominis
1483 2204 1769 2251 communi·

395 2287 494 2325 tate
526 2277 638 2342 pari
670 2275 866 2324 honore
897 2275 1086 2342 dignus
1109 2275 1328 2333 habitus.
1353 2279 1535 2325 Ensem
1560 2279 1680 2344 inde
1704 2279 1768 2327 ab

396 2356 546 2403 initio
569 2351 832 2420 praefectus
854 2355 1090 2420 praetorio
1104 2353 1332 2421 gerebat,
1351 2357 1555 2423 quippe.
1565 2359 1659 2424 qui
1686 2375 1767 2407 co-

394 2433 495 2499 piis
516 2420 669 2480 etiam
692 2442 921 2498 praeesset
932 2428 947 2481 τ’
964 2432 1104 2500 quod
1123 2433 1377 2500 hodieque
1403 2435 1514 2501 ipso
1526 2435 1767 2501 adspectu

395 2511 615 2577 reperire
634 2509 781 2571 licet;
812 2512 854 2559 si
878 2512 995 2578 quis
1015 2513 1334 2579 antiquitatis
1351 2523 1546 2562 amator
1568 2513 1768 2562 Chalce-

397 2586 584 2637 donem
621 2599 931 2639 transvectus
952 2627 966 2652 ,
1014 2590 1239 2658 Philippi
1278 2590 1498 2658 praefecti
1530 2594 1767 2659 praetorio

399 2663 617 2730 effigiem
644 2668 924 2718 intueatur.·
951 2670 1112 2718 Sicam
1129 2680 1298 2719 autem
1320 2672 1731 2720 Romaniensem
1752 2707 1765 2730 ,

401 2743 494 2807 qui
515 2743 611 2792 suh
629 2747 833 2812 cingulo
851 2750 1045 2814 geritur
1058 2787 1071 2811 ,
1091 2750 1448 2812 vocant3unde
1465 2752 1653 2810 sicarii,
1674 2751 1765 2815 qui

402 2836 604 2868 carnem
628 2835 796 2872 secant
813 2861 825 2884 ,
850 2836 900 2876 et
928 2828 1077 2877 sicata
1105 2828 1249 2877 cibus
1283 2845 1431 2877 carne
1456 2829 1512 2880 iu
1528 2825 1763 2894 ⁸frustula.

402 2914 601 2950 conelsa
621 2909 867 2950 constans.
918 2939 921 2941 .
