2748 3834
877 1542 972 1621 pfic’

1005 545 1103 577 202
1324 538 1455 569 LYDI
1491 537 1562 566 DE
1596 535 2052 569 MAGISTRATIBUS

1007 623 1069 664 ὅτε
1089 602 1161 663 τὴν»
1176 617 1301 665 ζώνην
1323 610 1458 673 ἀφεὶς,
1482 608 1543 655 ἐπὶ
1563 611 1632 658 τὴν
1655 609 1775 658 αὐλὴν
1797 609 1987 672 ἐχώρουν.
2013 611 2177 673 Πρῶτον
2202 611 2270 672 μὲν
2290 616 2367 677 γὰρ

1000 692 1198 739 ἀναὸάντα
1222 707 1272 749 με
1300 689 1363 734 ἐπὶ
1389 691 1459 731 τοῦ
1489 686 1669 746 βήματος
1699 695 1771 737 τῆς
1796 687 2084 749 ἐπαρχότητος,
2119 692 2219 736 κατά
2253 695 2368 737 τοῦτο

1001 769 1047 819 δὴ
1071 769 1114 813 τὸ
1141 767 1323 820 σύνηθες,
1348 764 1611 827 εὔχαρις-ἧσαι
1633 770 1688 826 τῷ
1709 766 1916 828 κρείττονι,
1934 766 1997 810 καὶ
2016 770 2083 815 τὴν
2105 770 2231 830 ἀρχὴν
2252 770 2368 822 ἀπῴ-
2388 815 2398 824 r

1001 848 1178 902 σασὲαι,
1197 849 1363 904 τιμήσας
1391 846 1568 907 ὕπαρχος
1598 830 1813 907 (ΙΪΙφαις-ος
1839 844 1882 890 δὲ
1903 843 1948 894 ἧν
1982 847 2003 890 ὁ
2033 847 2188 909 χρης-ὸς
2208 880 2223 902 ,
2269 849 2367 909 ἀνὴρ
2432 855 2444 867 ’

997 925 1178 985 ἀγαθὸς,
1209 922 1272 966 καὶ
1305 921 1498 981 ἐκ-μόνης
1528 929 1602 973 τῆς·
1627 926 1893 987 προσηγοριάς
1923 927 1990 974 τὴν
2023 919 2145 969 οὖσαν
2178 924 2394 986 εὐγένειαν-

997 1002 1105 1064 αὒτῷ
1128 999 1289 1052 δεικνύς·
1318 990 1509 1063 Ηφαίς-ου
1532 1001 1630 1063 γάρ,
1655 1006 1725 1048 τοῦ
1755 1006 1911 1065 πρώτου
1944 1002 2250 1060 βασιλεύσαντος
2288 1003 2370 1047 Αἰ·

996 1084 1145 1145 γύπτου
1179 1084 1280 1126 κατὰ
1309 1082 1376 1125 τὸν
1405 1075 1729 1146 Σικελιώτηνῠῑ),
1750 1084 1944 1144 ἀπόγονος
1977 1083 2070 1127 εἶναι
2094 1082 2366 1146 διεφημίζετο)

996 1161 1170 1222 ἐγερθεὶς
1192 1162 1472 1212 ἀντησπάσατό
1493 1177 1542 1219 με
1569 1160 1759 1223 λιπαρῶς·
1792 1160 1856 1204 καὶ
1886 1160 2103 1223 περιλαὸὼν
2132 1155 2197 1216 2),
2228 1161 2368 1206 αὐτίκα

994 1238 1064 1299 μὲν
1086 1239 1129 1283 τὸ
1153 1241 1374 1301 πρός-,αγμα
1397 1243 1474 1284 τῶν
1493 1240 1674 1283 ἀννωνῶν
1697 1238 1827 1302 χερσὶν
1851 1236 1963 1289 ἰδιάις
1987 1236 2229 1294 ἐπιδίδωσιν,
2251 1237 2369 1297 εὐχα-

994 1323 1132 1381 ριςῶν·
1151 1319 1251 1377 μετὰ
1268 1316 1311 1362 δὲ
1335 1323 1501 1380 μυρίους
1519 1317 1722 1374 ἐπαίνους,
1740 1321 1870 1369 πάσης
1893 1325 1962 1368 τῆς
1978 1315 2123 1370 τάξεως
2144 1317 2365 1379 παρούσης,

997 1397 1125 1458 ψῆφον
1143 1398 1290 1456 ἀνέγνω
1308 1399 1479 1455 ἔχουσαν
1501 1391 1591 1440 ὧδε·
1618 1382 1817 1448 «Ῐωάννης
1836 1395 1906 1455 μὲν
1926 1396 1946 1440 ὁ
1962 1396 2198 1457 λογιώτατος
2217 1391 2367 1457 (τούτῳ

994 1476 1069 1536 γὰρ
1092 1475 1219 1536 χαίρει
1238 1478 1295 1535 τῷ
1321 1479 1544 1536 προσήματι
1566 1468 1610 1516 5)
1629 1474 1780 1534 μᾶλλον
1799 1476 1822 1522 ἢ
1845 1476 1926 1524 τοῖς
1952 1474 1995 1517 ἐκ
2011 1479 2089 1519 τῶν
2111 1469 2366 1538 ὑπαρξάντων

941 1599 973 1633 9·
996 1553 1101 1614 αὐτῷ
1121 1556 1244 1615 γερῶν
1270 1556 1594 1616 προσγενομένοις
1618 1549 1911 1615 γνωρίσμασιν)
1932 1550 2007 1603 ἤδη
2027 1545 2074 1590 *)
2100 1552 2264 1613 φθάσας
2286 1553 2368 1600 τοῖς

997 1633 1177 1677 ἁπάντων
1203 1632 1342 1678 ἑαυτὸν
1360 1632 1565 1683 καλλίςοις
1580 1628 1766 1693 (παιδείᾳ
1780 1649 1821 1677 τε
1836 1630 1901 1675 καὶ
1916 1631 2049 1692 λόγοις
2068 1627 2220 1693 φαμὲν)
2239 1633 2368 1674 τοιοῦ-

996 1728 1062 1758 τον
1092 1698 1313 1768 ἀπέδειξεν,
1345 1711 1398 1761 ὡς
1433 1710 1504 1754 οὐκ
1533 1710 1653 1755 αὐτὸν
1685 1710 1963 1771 θαυμάζεσθαι
1998 1710 2140 1768 μόνον,
2169 1707 2272 1752 ἀλλὰ
2302 1705 2366 1751 καὶ

998 1788 1165 1839 πολλοὺς
1190 1789 1365 1852 ἑτέρους,
1388 1789 1425 1834 οἳ
1443 1787 1491 1837 δὴ
1513 1796 1582 1840 τῆς
1607 1788 1730 1835 αὑτοῦ
1757 1787 2010 1837 διδασκαλίας
2035 1788 2147 1849 ἔργον
2170 1788 2368 1847 γεγόνασι.

996 1868 1152 1929 Μικρὸν
1176 1867 1237 1926 δὲ,
1262 1871 1316 1920 ὡς
1339 1871 1460 1914 ἔοικεν
1467 1904 1483 1927 ,
1506 1870 1601 1914 εἶναι
1622 1866 1859 1929 νενομικὼς,
1881 1868 1915 1912 εἰ
1934 1869 2066 1927 μόνοις
2085 1867 2270 1926 κοσμοῖτο
2288 1868 2368 1922 τοῖς

996 1943 1039 1988 ἐκ
1062 1945 1188 2007 λόγων
1219 1946 1515 2007 ἐπιτηδεύμασι,
1544 1944 1740 2008 (καίτοιγε
1766 1949 1808 1992 τί
1835 1951 1886 1991 ἄν
1919 1964 1975 1996 τις
2000 1947 2148 1992 τούτων
2179 1947 2366 2005 ἡγήσαιτο

998 2027 1128 2082 μεῖζον
1135 2023 1178 2084 ,·)
1203 2026 1267 2069 καὶ
1303 2028 1387 2072 τοῖς
1414 2027 1623 2073 πολιτικοῖς
1655 2023 1802 2082 ἐνέμιξε
1827 2028 2069 2086 πράγμασιν.
2101 2013 2366 2086 Ῠπηρετησά·
2429 2011 2432 2013 ,

997 2117 1112 2160 μενος
1151 2099 1194 2143 δὲ
1227 2103 1306 2150 τοῖς
1340 2103 1539 2163 ἡμετέροις
1571 2100 1837 2165 δικας-ηρίοις,
1873 2102 1963 2161 μίαν
1998 2101 2091 2147 τινὰ
2118 2099 2184 2146 διὰ
2211 2105 2367 2147 πάντων

998 2176 1185 2240 ἐφύλαξεν
1203 2179 1391 2239 ἁρμονίαν
1396 2212 1412 2235 ,
1433 2181 1514 2229 τοῖς
1535 2180 1686 2230 οἰκείοις
1705 2182 1907 2240 πανταχοῦ
1924 2180 2220 2224 κατακολουθῶν
2235 2197 2366 2242 παρα-

999 2253 1284 2315 δει’γμασι,,καὶ
1306 2252 1353 2298 δι’
1373 2255 1504 2301 αὐτῶν
1529 2254 1724 2300 διδάσκων
1753 2262 1831 2302 τῶν
1854 2259 1999 2318 ἔργων,
2017 2257 2070 2305 ὡς
2097 2257 2211 2318 φύσις
2240 2258 2367 2318 ἀγαθὴ
2410 2255 2413 2257 ’
2480 2259 2482 2262 ’

998 2333 1061 2378 καὶ
1086 2334 1222 2378 τίτκειν
1253 2331 1319 2377 οἷά
1347 2349 1389 2378 τε
1414 2327 1517 2379 οὖσα
1549 2333 1601 2379 τὰ
1627 2336 1924 2398 χρησιμώτερα,
1951 2333 2051 2397 πρὸς
2076 2336 2171 2396 ὅπερ
2195 2332 2244 2379 ἂν
2273 2333 2366 2392 βίου
2423 2342 2425 2345 ’

998 2418 1133 2472 σχῆμα
1162 2412 1353 2474 τραπείη,
1388 2416 1465 2457 τῶν
1502 2412 1650 2456 οἰκείων
1681 2412 1754 2471 οὐκ
1790 2410 1968 2463 ἐξίςαται
1998 2412 2365 2471 πλεονεκτημάτων,

1000 2490 1232 2552 σεμνοτέραν
1256 2488 1300 2533 δὲ
1320 2492 1388 2538 τὴν
1417 2492 1556 2551 ἀρετὴν
1577 2491 1857 2553 ἀπεργάζεται,
1876 2490 2007 2549 λόγοις
2034 2489 2155 2537 αὐτὴν
2172 2488 2235 2532 καὶ
2254 2489 2364 2535 πολι-

998 2570 1118 2620 τικοῖς
1147 2569 1403 2616 ποικίλλουσα
1430 2573 1647 2632 πράγμασι.
1689 2569 1857 2620 Τούτοις
1885 2568 2013 2614 τοίνυν
2038 2573 2183 2615 ἅπασιν
2209 2566 2362 2614 ἐνευδο-

1061 2700 1103 2749 1)
1130 2697 1359 2748 Diodorus,
1379 2697 1487 2738 libro
1501 2697 1636 2751 primo
1649 2694 1845 2737 Biblioth·
1865 2708 1878 2737 ι
1898 2697 1982 2735 ἔνιοι
2001 2692 2040 2732 δὲ
2060 2699 2129 2733 τῶν
2151 2694 2265 2746 ἱερέων
2281 2696 2364 2746 φασὶ

1000 2769 1139 2818 πρῶτον
1153 2753 1311 2814 Ιῖφαιςον
1328 2764 1560 2816 βασιλεῦσαι,
1585 2768 1660 2802 etc.

1054 2829 1102 2877 2)
1128 2827 1349 2867 Recentior
1368 2840 1511 2867 manus
1525 2828 1734 2881 περιὸαλὼν.
1752 2826 1873 2869 Conf.
1884 2839 1917 2874 1,
1935 2826 2001 2876 31,
2014 2824 2197 2877 περιὸἀλοι
2215 2828 2256 2864 et
2267 2839 2362 2878 περι-

1003 2896 1130 2935 eoam.
1190 2894 1238 2944 3)
1265 2894 1375 2948 Lego
1390 2899 1631 2948 προσρήματι.
