2748 3834
651 573 1035 607 ntrpnnmctm
1069 573 1338 604 norman:
1372 574 1478 606 mn.
1513 576 1545 607 1.
1724 559 1788 608 65

425 666 526 696 sam
541 686 554 708 ,
590 665 683 697 cur
720 648 840 696 ferat
857 684 870 706 ‚
906 649 1094 707 sciens,
1132 657 1438 711 tantumque
1466 650 1789 699 consuetudi·

428 745 543 775 nem
579 744 808 793 sequens.
849 726 1096 772 Omnium
1135 741 1253 772 vero
1287 725 1502 773 civitatis
1539 728 1791 793 magistra·

426 815 574 853 tuum
613 806 849 871 princeps
886 814 989 852 erat
1032 804 1267 867 magister
1298 803 1530 867 equitum
1558 840 1573 863 ‚
1623 812 1791 871 neque

425 886 664 950 cuiquam
697 901 756 932 eo
775 882 946 947 judice
973 881 1035 928 ad
1059 880 1443 946 adpellationem
1476 883 1710 948 progredi
1734 882 1790 931 li-

425 963 579 1011 cebat.
601 962 831 1027 Amplius
854 978 934 1008 sex
967 977 1159 1008 menses
1180 977 1331 1008 nemo
1357 959 1660 1009 dictatorum
1687 963 1790 1010 sin-

423 1042 596 1108 gulare
612 1040 883 1104 imperium
907 1039 1097 1095 tenui13
1131 1049 1181 1085 at
1199 1037 1295 1085 fuit
1317 1048 1366 1086 et
1387 1038 1551 1086 multo
1564 1038 1790 1099 brevius,

425 1129 474 1167 et
494 1119 650 1165 unius
671 1126 870 1164 tantum
888 1116 1002 1164 diei.
1020 1120 1089 1163 Ac
1105 1116 1235 1163 nihil
1255 1116 1491 1182 impedit,
1510 1118 1791 1182 quominus

425 1197 559 1262 ipsos
594 1195 860 1243 dictatores
879 1233 892 1256 ‚
921 1206 970 1242 et
1000 1206 1127 1261 quot
1145 1233 1158 1256 ,
1186 1194 1537 1261 quamdiuque
1566 1193 1758 1243 fuerint
1776 1232 1790 1255 ‚

425 1272 892 1323 commemoremus.
1208 1334 1214 1340 ι

494 1352 574 1401 38.
609 1355 808 1401 Primus
826 1353 1040 1401 dictator
1058 1354 1200 1400 Titus
1218 1352 1435 1400 Marcius
1450 1388 1463 1411 ,
1486 1353 1577 1418 qui
1597 1354 1790 1419 primos

424 1431 655 1480 consules
674 1468 686 1490 ,
707 1433 876 1479 Titum
895 1442 943 1479 et
959 1431 1211 1479 Valerium
1227 1466 1240 1490 ‚
1263 1430 1434 1479 denuo
1451 1432 1648 1479 creavit.
1668 1435 1789 1480 Orta

423 1521 592 1558 autem
610 1510 856 1558 discordia
872 1547 885 1569 ,
901 1527 1019 1558 cum
1035 1509 1267 1557 consules
1284 1508 1595 1557 abdicassent
1609 1545 1622 1567 ,
1635 1509 1788 1558 dicta·

425 1598 504 1635 tor
535 1587 658 1635 alios
691 1589 744 1635 in
772 1605 949 1636 eorum
976 1588 1145 1636 locum
1168 1586 1389 1636 calendis
1416 1585 1788 1652 septembribus

424 1667 721 1715 nominavit.
1199 1678 1202 1680 ’

611 1851 812 1884 sumna
842 1836 1064 1897 anemo,
1095 1852 1193 1885 nuo
1222 1851 1407 1884 rusum
1433 1850 1606 1884 rmzms.

487 1990 695 2036 Decimo
713 1990 930 2054 septimo
951 2006 979 2036 a
1005 1988 1273 2036 consulatu
1297 1989 1464 2047 annoss
1495 2005 1612 2036 non.
1633 1989 1790 2053 parvo
1855 2029 1857 2031 .

419 2061 627 2110 dissidio
650 2059 881 2108 senatum
919 2063 1054 2108 inter
1076 2063 1382 2126 plebemque
1404 2059 1577 2109 coorto
1598 2100 1611 2120 ‚
1646 2063 1791 2127 plebs

418 2139 547 2188 duos
573 2137 809 2186 tribunos
831 2134 1042 2198 creavit,
1080 2139 1171 2204 qui
1195 2137 1406 2203 plebeiis
1427 2139 1513 2202 jus
1536 2137 1790 2199 dicerent,

416 2216 634 2283 foroque
661 2227 928 2283 praeessent
955 2235 965 2263 :
991 2217 1083 2282 qui
1105 2212 1167 2262 ad
1196 2217 1532 2281 arrogantiam
1564 2217 1790 2281 provecti

420 2296 554 2360 ipsos
585 2295 822 2359 patricios
847 2294 1185 2341 condemnare
1219 2309 1324 2340 non
1349 2292 1611 2340 erubuere.
1641 2296 1791 2342 Anno

420 2382 591 2420 autem
611 2388 639 2419 a
655 2371 923 2419 consulatu
940 2371 1184 2438 {vigesimo
1202 2372 1350 2419 tertio
1367 2370 1612 2419 trifariam
1632 2364 1789 2437 inipe-

421 2451 558 2499 rium
573 2450 794 2498 divisum
807 2460 907 2509 est,
932 2451 1067 2497 inter
1085 2449 1318 2497 consules
1336 2485 1349 2507 ‚
1362 2447 1652 2515 praefectum
1671 2449 1790 2497 urbi

418 2540 470 2578 et
492 2529 690 2596 plebem
726 2534 739 2576 :⁴
768 2540 818 2578 et
841 2529 1073 2578 consules
1092 2529 1301 2595 quidem
1322 2528 1451 2576 bella
1472 2529 1790 2578 administra-

417 2606 543 2654 bant
559 2645 573 2667 ,
602 2607 744 2673 plebs
763 2607 1044 2666 militabat,
1082 2606 1345 2674 praefectus
1364 2624 1483 2656 vero
1503 2607 1683 2655 urbem
1703 2626 1789 2656 cu-

420 2684 666 2732 stodiebat
694 2723 707 2744 ‚
750 2686 1115 2752 dicebaturque
1149 2696 1315 2733 custos
1347 2686 1503 2733 urbis.
1533 2687 1788 2750 Vigesimo

422 2769 592 2807 autem
622 2772 796 2812 octavo
825 2781 854 2812 a
878 2764 1144 2812 consulatu
1170 2780 1308 2814 anno
1327 2799 1340 2824 ,
1378 2763 1526 2830 plebe
1550 2780 1577 2810 a
1609 2772 1786 2810 senatu

422 2835 777 2899 dissentiente,
811 2840 1025 2889 dictator
1055 2842 1220 2888 dictus
1250 2851 1324 2889 est
1356 2841 1518 2888 Aulus
1543 2845 1785 2903 „Sempro-

423 2914 541 2963 nius
558 2949 572 2973 ,
605 2915 697 2978 qui
722 2932 840 2963 cum
865 2933 892 2966 e
921 2927 1100 2966 senatu
1119 2918 1295 2966 Caium
1327 2917 1519 2965 Julium
1538 2952 1551 2973 ‚
1589 2933 1616 2962 e
1639 2913 1786 2978 plebe

1548 3008 1581 3055 9
