2748 3834
699 532 1065 566 Ri-:lpnnmcnz
1101 532 1363 566 ROMANAE
1396 534 1512 567 111³.
1542 537 1628 569 111.
1752 540 1843 572 221

485 605 727 653 insultare
746 604 993 664 libertati,
1008 613 1057 652 et
1073 603 1341 652 dilacerare
1356 605 1487 654 cives
1498 641 1513 666 ‚
1528 610 1621 672 qui
1637 610 1848 662 modum

484 684 686 750 imperii
710 685 974 750 ignorant,
993 681 1316 742 erubescent;
1338 692 1389 731 et
1418 685 1511 750 qui
1529 676 1854 753 ‘imperatoris

481 761 926 810 mansuetudinem
970 759 1308 821 aemulantur,
1337 760 1401 811 ad
1438 762 1659 829 reliquas
1698 766 1848 816 etiam

479 839 590 904 ejus
622 840 836 889 virtutes
872 839 1024 886 citato
1065 836 1224 903 gradu
1265 838 1589 889 contendent.
1629 845 1850 911 Tempus

479 918 652 986 itaque
676 926 774 977 est,
793 916 1164 965 enarrationem
1186 917 1447 984 persequi,
1464 934 1762 988 causasque,
1779 924 1848 976 ob

477 1010 605 1062 quas
628 1003 765 1042 tanta
780 992 941 1041 ‘officii
965 994 1182 1042 mutatio
1206 996 1397 1055 extitit,
1419 994 1618 1046 referre.

486 1084 489 1087 ·
542 1075 624 1132 4ο.
658 1073 1022 1121 Constantinus
1046 1082 1342 1139 postquam,
1370 1084 1431 1124 ut
1447 1074 1577 1141 dixi,
1603 1094 1722 1126 cum
1744 1077 1843 1128 for·

474 1160 603 1199 tuna
618 1154 827 1200 Romam
845 1150 1052 1216 reliquit
1062 1187 1075 1210 ,
1093 1161 1143 1199 et
1162 1153 1289 1218 'quot
1303 1155 1488 1202 Istrum
1502 1155 1843 1206 custodierant

395 1239 397 1241 ’
471 1232 652 1297 copiae,
686 1230 886 1278 decreto
905 1230 1222 1296 imperatoris
1247 1246 1343 1296 per·
1358 1233 1525 1281 Asiam
1550 1232 1856 1285 inferiorem,

471 1325 649 1375 sparsae
666 1319 790 1357 sunt
803 1344 820 1369 ‚
837 1307 1093 1373 Scythiam
1112 1310 1428 1377 Mysiamque
1445 1321 1496 1360 et
1513 1311 1716 1360 illarum
1735 1330 1842 1362 vec·

469 1386 639 1453 tigalia
654 1387 884 1435 aerarium
904 1387 1073 1435 amisit
1087 1422 1100 1446 ‚
1122 1386 1484 1455 barbaris‚qui
1499 1388 1632 1438 ultra
1652 1392 1839 1439 Istrum

469 1465 791 1524 habitabant,
810 1469 1065 1531 Europam
1081 1502 1095 1526 ,
1112 1466 1257 1516 nullo
1273 1468 1531 1517 resistente
1542 1504 1557 1527 ,
1579 1469 1838 1516 incursan-

470 1543 609 1593 tibus
622 1545 867 1592 :Orientis
883 1554 1051 1591 autem
1062 1545 1270 1608 populis
1284 1545 1490 1596 tributis
1501 1546 1639 1595 haud
1652 1546 1839 1596 medio-

468 1622 640 1671 cribus
660 1621 880 1671 oneratis
894 1657 909 1681 ,
934 1637 1131 1669 necesse
1148 1619 1272 1682 fuit,
1290 1623 1581 1688 praefectum
1603 1626 1839 1692 praetorio
1912 1670 1914 1672 ,

465 1700 590 1749 aulae
602 1710 653 1748 et
664 1701 838 1766 copiis,
845 1699 1087 1766 (quarum
1102 1699 1186 1749 illa
1202 1698 1457 1767 magistro,
1473 1719 1627 1768 quem
1638 1713 1841 1764 vocant„

462 1777 541 1826 hae
565 1780 791 1844 strategis
816 1795 985 1845 nuper
1008 1779 1184 1827 creatis
1206 1778 1398 1828 traditae
1410 1779 1453 1844 ,)
1486 1797 1600 1845 non⁸
1617 1781 1838 1848 amplius

462 1873 690 1923 praeesse,
715 1857 803 1906 sed
830 1856 1126 1922 praefectum
1142 1859 1364 1907 Orientis
1383 1857 1640 1924 adpellari.
1663 1862 1838 1925 Neque

461 1935 639 1983 minus
655 1944 876 2000 potestas
884 1936 1222 2000 magistratus,
1240 1937 1469 1983 morti-in
1486 1936 1596 1984 dies
1609 1937 1853 2006 propior,¹

395 2017 399 2020 ⁴
458 2008 523 2071 ad
546 2011 772 2070 Arcadii,
797 2013 954 2076 patris
984 2011 1254 2070 Theodosii
1279 2012 1528 2076 junioris,
1560 2014 1851 2082 imperium*

459 2089 726 2139 dilacerata
745 2098 819 2138 est
836 2107 850 2149 ;
866 2087 964 2137 sub
987 2105 1095 2153 quo
1113 2086 1361 2147 Rufinus,
1379 2091 1686 2154 cognomine
1710 2091 1840 2139 insa-

459 2167 672 2227 tiabilis,
694 2184 804 2232 quo.
836 2165 1071 2232 praefecto
1102 2167 1326 2233 praetorii
1361 2165 1446 2214 ille
1471 2158 1738 2230 utebatur,
1766 2177 1839 2233 ty-

402 2307 406 2311 Δ
458 2243 728 2292 rannidem
760 2244 1032 2292 meditatus
1046 2280 1060 2303 ,
1083 2260 1111 2290 a
1138 2244 1401 2308 proposito
1424 2243 1632 2308 quidem
1649 2281 1663 2303 ‚
1697 2243 1837 2293 bono

456 2321 749 2388 reipublicae
756 2358 770 2382 ,
777 2320 1025 2370 aberravit
1034 2357 1048 2380 ,
1059 2322 1114 2368 in
1123 2320 1421 2369 barathrum
1430 2330 1600 2369 autem
1613 2321 1837 2370 immane

457 2401 808 2466 magistratum
823 2399 1170 2466 praecipitavit.
1190 2401 1418 2466 Namque
1431 2401 1706 2466 imperator
1715 2416 1834 2465 con·
1864 2446 1870 2451 .

419 2486 427 2493 ”
454 2474 607 2527 tinuo
643 2478 927 2544 potentiam
966 2477 1033 2525 ab
1069 2477 1224 2526 armis
1266 2478 1582 2543 magistratui
1619 2476 1800 2526 adimit
1819 2496 1834 2538 ;

455 2555 640 2604 deinde
663 2554 968 2604 fabricarum
986 2591 1000 2616 ,
1035 2564 1096 2604 ut
1122 2558 1304 2605 vocant
1334 2555 1428 2621 (id
1447 2565 1545 2617 est,
1573 2570 1833 2604 armorum

456 2633 950 2699 conficiendorum),
973 2644 1269 2700 potestatem
1284 2670 1299 2695 ,
1327 2649 1506 2682 cursus
1527 2631 1723 2699 publici
1748 2649 1832 2680 cu-

457 2727 564 2759 ram
577 2747 591 2771 ,
611 2710 864 2779 aliamque
881 2714 1258 2775 auctoritatem3
1283 2711 1475 2781 quibus
1485 2711 1831 2781 magisterium

510 2879 558 2928 6)
585 2879 659 2919 aar
674 2875 750 2920 οὖν.
766 2877 868 2919 cod.
886 2880 1031 2920 ἄλλων,
