2748 3834
968 497 1059 528 212
1267 494 1400 525 Lrnl
1436 490 1507 520 DE
1539 488 2022 520 MAGISTRATIBUS

962 576 1029 618 τοῦ
1038 605 1053 626 ‚
1068 565 1402 630 χαρτοφύλακες),
1425 566 1481 608 ὅτι
1499 562 1667 623 σκρινίον
1691 563 1760 609 τὴν
1783 560 2005 623 δρυφάκτην
2023 563 2205 624 λάρνακα
2218 551 2316 609 1301·-

918 632 946 706 1³:
960 651 1065 708 μαῖοι
1093 643 1268 686 καλοῦσι·
1296 640 1360 684 καὶ
1376 639 1557 698 διέμεινεν
1575 641 1598 687 ἡ
1616 639 1857 701 προσηγοριᾶ
1875 638 1966 702 παρ’
1986 641 2119 690 αὐτοῖς
2137 642 2235 700 μόνη
2254 639 2318 694 *).

962 722 1024 767 Οὐ
1047 722 1120 779 μὴν
1140 720 1178 762 ἐν
1209 718 1374 778 ς-ρατείᾳ
1393 716 1592 772 ἐτέλεσαν,
1612 714 1704 759 οὐδὲ
1726 718 1794 763 τὴν
1813 714 1974 761 ἰδιωτῶν
1995 719 2116 776 τύχην
2134 715 2290 768 ἐξῆλθον
2303 751 2322 774 ,

961 799 1011 847 ὡς
1043 795 1082 838 αἱ
1113 792 1273 838 παλαιαὶ
1306 789 1537 852 διδάσκουσι
1569 796 1769 855 μάτρικες.
1805 781 1884 838 Em*
1919 792 1961 839 δὲ
1994 793 2215 840 Θεοδοσίου
2249 795 2322 840 τοῦ

957 874 1135 936 πρώτου,
1155 871 1207 921 ὡς
1229 868 1329 914 εἶδον
1349 868 1513 921 ἑαυτοὺς
1530 869 1600 930 μὲν
1617 871 1903 931 ἠμελημένους,
1922 870 2014 922 τοὺς
2033 870 2076 916 δὲ
2090 879 2162 927 τῆς
2174 871 2321 924 τάξεως

957 950 1195 1000 διοικοῦντας
1223 951 1310 995 τότε
1336 943 1374 989 ²)
1403 949 1455 994 τά
1481 951 1706 1012 πράγματα·
1737 949 1900 1000 ἑαυτοὺς
1929 948 2232 1014 διαγράψαντες,
2259 947 2347 994 καὶ·

956 1032 1116 1094 χρυσίον
1140 1032 1191 1080 εἰς
1217 1030 1376 1090 φίλτροις
1396 1027 1681 1087 διαθροιάαντες
1699 1020 1764 1082 ²),
1787 1023 1993 1078 ἐδεήθησαν
2010 1036 2078 1078 τῆς
2097 1030 2321 1086 βασιλείας,

955 1108 1279 1171 συναριθμηθῆναι
1300 1111 1345 1164 τῇ
1368 1101 1487 1156 τάξει·
1506 1103 1571 1148 καὶ
1585 1096 1791 1165 τυχόντες,
1811 1104 1962 1155 καὶτὰς
1987 1105 2195 1166 λεγομένας
2217 1123 2320 1168 προ-

954 1187 1137 1249 Βατορίας
1158 1177 1201 1225 3)
1226 1186 1507 1247 πορισάμενοι,
1525 1184 1578 1234 εἷς
1595 1182 1665 1244 μὲν
1683 1181 1923 1246 ἀδιούτωρας
1944 1183 2105 1241 (οἱονεὶ,
2122 1181 2321 1243 βοηθοὺς)

952 1265 1214 1325 ἀνηνέχθησαν
1233 1264 1300 1309 ἴσα
1315 1265 1396 1313 τοῖς
1412 1263 1562 1314 ἄλλοις·
1578 1263 1623 1310 τὸ
1643 1261 1685 1307 δὲ
1702 1262 1989 1325 Αὐγουςαλίων
2009 1266 2133 1323 ὄνομα
2148 1266 2321 1326 πριάμε-

952 1360 1012 1388 νοι
1033 1345 1192 1403 τιμίως,
1215 1348 1307 1403 ἄχρι
1335 1342 1511 1390 Λέοντος
1538 1341 1631 1385 ὡσεὶ
1651 1338 1751 1399 μηδὲ
1779 1342 2083 1402 ςρατευόμενοι,
2108 1347 2200 1385 ὅσον
2221 1342 2319 1403 πρὸς

952 1420 1044 1471 τοὺς
1072 1422 1150 1466 ἀπὸ
1175 1427 1244 1469 τῆς
1267 1416 1437 1474 τάξεως,
1465 1417 1736 1478 ἐνομίσθησαν.
1760 1416 1869 1463 Οὐδὲ
1893 1420 1971 1480 γὰρ
2002 1415 2102 1461 οἶδεν
2129 1416 2274 1468 αὐτοὺς
2295 1420 2320 1466 ἡ

953 1490 1147 1558 Ῥωμαίων
1173 1498 1399 1550 παλαιότης·
1435 1498 1519 1542 ὅθεν
1540 1506 1609 1548 τῆς
1636 1499 1761 1560 ἀρχῆς
1789 1500 1845 1542 ἔτι
1872 1496 1936 1541 καὶ
1959 1499 2027 1540 νῦν
2056 1493 2118 1541 ε’πὶ
2149 1499 2218 1541 τοῦ
2248 1493 2321 1553 βή-
2356 1531 2359 1533 Α

951 1595 1075 1639 ματος
1104 1578 1320 1640 προϊούσης
1351 1573 1877 1638 ἐξόπισθενὺποχωροῦντες
1908 1576 2169 1637 παρέπονται,
2200 1576 2320 1634 μόνης

951 1663 1019 1706 τῆς
1036 1654 1182 1708 τάξεως
1196 1653 1361 1717 ς-ιχηδόν
1379 1654 1654 1708 διηθουνούσης
1669 1649 1711 1696 4)
1725 1654 1794 1700 τὸν
1811 1653 2163 1716 ὕπαρχον.Εἰκόνα
2180 1646 2248 1696 οὖν
2265 1655 2320 1713 τῷ

951 1732 1112 1790 βασιλεῖ
1134 1736 1404 1798 ἀργυρήλατον
1438 1736 1529 1787 ὅλην
1560 1734 1622 1781 ἐπὶ
1648 1734 1776 1785 κίονος
1807 1735 2104 1787 ἀναςήσαντες,
2131 1731 2176 1776 τὸ
2200 1730 2320 1776 πάλαι

942 1813 1186 1872 ,καλούμενον
1200 1814 1438 1871 Πλάκωτον,
1455 1815 1554 1876 πρὸς
1567 1817 1623 1874 τῷ
1635 1813 1836 1876 ὡρολογίῳ
1849 1817 1917 1861 τῆς
1931 1810 2100 1866 πόλεως,
2118 1806 2320 1867 διεκόσμη-

951 1901 1039 1933 σαν·
1069 1890 1122 1941 ὡς
1149 1891 1188 1935 ἐν
1218 1895 1301 1943 τοῖς
1331 1894 1473 1954 ἀρχαῖς
1498 1883 1537 1928 5)
1571 1896 1641 1937 τοῦ
1674 1889 1864 1951 δημοσίου
1894 1890 2174 1952 ι’νςρουμέντου
2201 1881 2321 1952 ηὗρον

950 1967 1199 2029 ἶς-ορημένον.
1220 1970 1302 2014 Καὶ
1321 1972 1345 2017 ἡ
1363 1970 1434 2027 μὲν
1450 1970 1552 2020 ςήλη
1570 1967 1668 2012 καθ’
1683 1971 1787 2021 ἡμᾶς
1803 1968 1864 2008 ἐπὶ
1880 1968 1931 2006 τά
1943 1964 2207 2024 χρειωδέςερα
2223 1965 2319 2024 ἔργα

949 2049 1017 2091 τῆς
1041 2044 1192 2088 πόλεως
1218 2043 1507 2099 προεχώρησεν·
1538 2038 1560 2081 ὁ
1587 2036 1629 2081 δὲ
1654 2038 1769 2095 κίων,
1789 2038 1865 2099 πρὸ
1894 2045 1963 2087 τῆς
1990 2038 2030 2081 ἐν
2048 2044 2104 2098 τῷ
2121 2040 2316 2102 λεγομένῳ

948 2107 1122 2180 Ὲὸδόμῳ
1144 2120 1294 2180 ἀγορᾶς
1321 2111 1361 2158 6)
1392 2117 1570 2174 ἀνας-ὰς,
1596 2124 1642 2179 τῇ
1667 2120 1737 2163 τοῦ
1768 2119 1961 2180 κρατίςου
1991 2119 2101 2176 ἡμῶν
2122 2116 2315 2175 βασιλέως

949 2197 1062 2242 εἰκόνι
1088 2197 1327 2254 σεμνύνεται.

1021 2269 1102 2319 36.
1136 2271 1297 2325 Ηύξήθη
1317 2271 1360 2318 δὲ
1375 2273 1511 2320 λοιπὸν
1527 2272 1579 2320 τά
1591 2277 1668 2319 τῶν
1687 2275 1930 2337 σκρινιαρίων
1947 2274 2030 2321 ἀπὸ
2046 2279 2115 2325 τῆς
2133 2276 2316 2328 Ζήνωνος

946 2353 1147 2411 βασιλείας
1175 2356 1389 2408 τοσοῦτον,
1429 2356 1523 2397 ὅσον
1551 2355 1602 2398 τὰ
1629 2361 1698 2405 τῆς
1725 2353 1870 2406 τάξεως
1899 2351 2026 2406 ἔληξε·
2055 2354 2210 2400 πολλῶν
2243 2355 2314 2414 μὲν

946 2432 1024 2493 γὰρ
1049 2431 1198 2486 ἄλλων,
1222 2431 1287 2474 καὶ
1308 2430 1575 2492 Πολυκάρπου
1600 2429 1642 2476 δὲ
1665 2431 1734 2478 ἀπ’
1762 2432 1891 2478 αὐτῶν
1913 2433 1966 2483 εἷς
1989 2434 2056 2482 τὴν
2083 2434 2206 2495 ἀρχὴν
2232 2434 2313 2496 ἁρ-

1001 2572 1046 2621 1)
1072 2569 1173 2611 Cod·
1191 2587 1291 2611 τατε.
1343 2572 1389 2621 2)
1417 2569 1516 2611 Cod.
1531 2571 1800 2627 διαθρύσαντεςζ

1000 2639 1051 2688 3)
1079 2637 1178 2678 Cod.
1198 2641 1465 2692 πραιὸατορίας.

999 2703 1049 2752 4)
1077 2701 1187 2755 Lego
1205 2703 1445 2748 &ttvamssu-ngs.
1463 2700 1582 2745 Conf.
1598 2716 1667 2753 111,
1686 2716 1758 2758 70,
1776 2704 2040 2747 διευθήνουσαι.

998 2767 1048 2818 5)
1073 2769 1184 2821 Lego
1203 2772 1378 2822 ἀρχαίοις.
1394 2769 1515 2810 Conf·
1530 2784 1582 2825 ΙΙ,
1599 2772 1651 2814 50
1658 2799 1672 2825 2
1688 2776 1729 2814 et
1741 2784 1814 2826 111,
1842 2784 1911 2826 19,
1932 2774 2104 2827 ἀρχαίων.

995 2832 1044 2883 6)
1069 2831 1188 2884 Confi
1206 2847 1261 2887 11,
1287 2849 1360 2887 20,
1384 2836 1533 2890 ἀγορὰν.
