2748 3834
641 537 1016 572 nmrmsmcaz
1053 537 1325 570 nonaum
1358 538 1466 571 Lm.
1503 542 1589 574 111.
1699 544 1789 594 271

1673 590 1684 610 ι

431 612 648 678 cipiebat
674 630 686 660 ε
713 599 852 661 tan'ta
873 619 1045 660 autem
1077 620 1221 658 erant
1239 646 1253 670 ,
1286 619 1493 678 tamque
1516 613 1712 677 moli'n,
1739 627 1798 666 ut

430 691 684 742 vomitum
701 692 748 740 ei
762 699 1050 749 moverent,
1072 704 1178 739 non
1204 688 1426 756 amplius
1442 692 1673 757 oepiente
1687 699 1798 754 ore,

432 769 517 819 sed
532 770 769 818 torrentis
790 770 948 817 instar
962 766 1136 834 epulas
1159 777 1444 828 eructante,
1470 769 1800 837 periculoque

432 862 539 896 non
572 861 728 913 parvo
755 845 978 895 labentes
1001 844 1271 912 splendido
1296 847 1589 912 pavimento
1616 847 1801 897 adula-

434 935 566 975 tores
587 935 886 991 exponente.
919 926 998 973 Sic
1025 923 1199 990 agebat
1219 960 1232 983 ,
1262 934 1554 990 putrescens
1570 962 1586 986 ‚
1634 927 1802 975 nocti-

433 1001 532 1052 bus
562 1001 671 1051 dies
690 1003 913 1068 jungens
939 1021 950 1049 ε
978 1011 1036 1050 ut
1062 1001 1183 1049 finis
1208 1001 1437 1067 epulanti
1459 1001 1670 1062 lucifer,
1702 1003 1799 1050 ini·

434 1079 567 1127 tium
594 1093 713 1128 vero
745 1081 1067 1144 negotiorum
1096 1078 1337 1145 hesperus
1362 1089 1505 1128 esset.
1531 1082 1604 1128 Ne
1626 1089 1798 1128 autem

435 1155 863 1222 impedimentum
889 1156 1016 1206 forte
1034 1157 1381 1223 voluptatibus
1398 1157 1612 1218 incidat,
1649 1157 1801 1206 semel

392 1246 393 1249 ’
436 1232 628 1299 templo
638 1234 845 1299 justitiae
863 1237 1138 1298 (secretum
1155 1234 1283 1283 illud
1301 1237 1357 1283 in
1373 1234 1580 1300 judiciis
1597 1240 1800 1295 vooent)

435 1312 728 1373 renunciat,
745 1322 943 1362 tantum
962 1313 1198 1378 adparere
1215 1316 1344 1361 ineo
1360 1314 1635 1374 sustinens,
1657 1329 1776 1362 cum
1788 1347 1802 1372 ,

437 1388 564 1436 dum
590 1389 657 1437 ob
685 1390 918 1439 ciborum
946 1392 1243 1440 immensam
1272 1393 1469 1457 copiam
1494 1390 1804 1440 circumfere-

436 1464 623 1526 batur,
655 1469 1082 1516 eminentissimos
1113 1469 1459 1534 adparitorum
1486 1469 1652 1534 poenis
1678 1469 1803 1533 obji-

437 1553 584 1591 ceret.
604 1547 631 1591 J
634 1543 804 1593 udices
826 1555 996 1594 autem
1020 1556 1153 1594 creat
1171 1547 1225 1594 in
1244 1547 1445 1613 porticu
1466 1547 1804 1613 imperatoris,

440 1632 526 1681 ut,
561 1622 686 1671 dum
711 1623 785 1672 illi
803 1626 1120 1691 pecuniarias
1133 1642 1304 1674 causas
1317 1625 1579 1686 audirent,
1603 1628 1731 1691 ipse,
1747 1635 1807 1673 ut

439 1700 592 1750 modo
608 1701 854 1763 diximus,
883 1703 1124 1769 vigilaret.
1215 1756 1219 1761 ,
1385 1699 1390 1702 ’
1626 1695 1630 1700 ’

506 1775 587 1824 66.
619 1781 778 1827 Nemo
798 1781 968 1845 itaque
988 1779 1257 1828 advocatus
1271 1788 1296 1839 ,'
1316 1781 1408 1844 qui
1433 1795 1611 1827 ornare
1637 1778 1806 1828 defen·

439 1855 634 1903 sionem
657 1867 707 1905 et
732 1872 994 1906 summum
1020 1858 1367 1922 magistratum
1387 1873 1588 1908 movere
1610 1866 1778 1922 posset
1794 1890 1807 1914 ,

437 1948 591 1996 porro
605 1933 907 2000 eloquentiae
923 1935 1144 1995 studuit3
1168 1951 1293 1982 cum·
1310 1944 1481 2000 postea
1501 1932 1633 1981 nihil
1654 1934 1707 1979 in
1729 1936 1808 1979 Se-

396 2024 400 2027 “
439 2018 576 2057 creto
605 2020 930 2072 tractaretur,
960 2029 1128 2078 neque
1158 2011 1464 2076 deprecatio,
1502 2026 1671 2076 neque
1699 2010 1811 2057 uni·
1846 2073 1852 2080 ι

438 2085 684 2134 memhris
693 2089 824 2136 actio
840 2123 855 2147 ,
877 2105 1045 2153 neque
1067 2089 1354 2147 aestimatio,
1374 2104 1542 2152 neque
1567 2087 1781 2150 aequatio
1795 2119 1809 2144 ,

439 2179 606 2226 neque
621 2163 760 2210 aliud
775 2166 990 2215 omnino
1010 2183 1020 2210 :
1039 2181 1196 2229 quare
1217 2180 1369 2211 nemo
1388 2179 1563 2210 eorum
1580 2199 1594 2221 ‚
1620 2164 1711 2227 qui
1724 2179 1810 2209 an·

441 2250 519 2299 tea
533 2239 782 2302 ejusmodi
796 2241 852 2288 in
869 2241 1186 2289 orationibus
1201 2257 1319 2288 cum
1337 2240 1485 2287 laude
1497 2241 1679 2287 versari
1694 2255 1811 2286 con-

405 2315 409 2318 ’
439 2325 729 2380 sueverant,
754 2319 809 2365 in
827 2317 943 2367 ullis
959 2335 1114 2385 porro
1134 2334 1339 2384 operam
1356 2318 1540 2383 posuit.
1562 2317 1656 2365 Cui
1671 2318 1808 2364 enim

441 2409 591 2460 opem
613 2394 808 2444 tulisset
821 2432 843 2456 ,Α
856 2406 956 2460 ,ειη
970 2405 1064 2444 cur
1087 2395 1324 2444 laudibus
1341 2405 1578 2454 vacasset3
1609 2411 1727 2442 cum
1746 2411 1811 2441 ne

442 2472 579 2538 testis
595 2473 806 2536 quidem
833 2459 1107 2540 iluisquam·
1129 2474 1343 2532 adesset,
1376 2483 1466 2520 aut
1482 2474 1698 2520 omnino
1719 2474 1811 2538 qui

440 2549 643 2608 laudare
666 2550 979 2614 judiciorum
1015 2551 1227 2600 formam
1266 2551 1470 2617 posset?
1507 2550 1632 2598 Inde
1659 2552 1810 2615 periit

442 2625 671 2674 officium
687 2646 701 2687 ;
723 2638 772 2675 et
787 2645 906 2676 cum
924 2646 1080 2678 causae
1101 2629 1253 2677 nullae
1272 2639 1433 2680 essent
1448 2665 1460 2688 ‚
1485 2627 1723 2675 deformis
1742 2643 1811 2673 so-

442 2702 608 2751 litudo
625 2703 878 2767 judicium
900 2709 1099 2767 evertit,
1125 2723 1243 2755 cum
1265 2707 1457 2771 gemitu
1476 2704 1808 2768 lacrymisque

501 2869 546 2919 5)
574 2866 672 2908 Cod.
692 2885 819 2921 πηρας.
