2748 3834
661 515 1050 550 narrusmcu
1084 514 1364 548 nonnus
1398 515 1502 549 ms.
1535 515 1569 550 1.
1738 502 1805 570 89

437 598 550 637 tum
569 585 634 638 ab
656 589 867 638 incursu
882 597 932 636 et
951 586 1260 636 clandestina
1280 588 1566 654 irruptione
1576 586 1804 640 hostium

436 683 494 715 ac
506 661 895 717 domesticarum
905 660 1201 715 ‘factionum‘
1210 665 1343 717 malo
1360 666 1670 717 incolumem
1686 670 1804 720 civi-

438 754 591 794 tatem
624 754 862 812 praestant
876 782 890 805 ‚
917 751 1095 794 verum
1132 744 1283 793 etiam
1326 744 1566 795 incendio
1591 745 1808 798 adflictis

363 867 369 870 .
441 835 762 875 succurrunt.
776 825 932 872 Testis
943 834 1017 872 est
1029 823 1213 872 Paulus
1224 823 1617 889 jurisconsultus
1628 861 1642 886 ‚
1661 825 1808 891 cuius

443 904 551 970 ipsa
565 902 716 952 verba
734 901 1017 951 secundum
1038 903 1320 951 versionem
1337 902 1441 952 haec
1456 913 1579 952 sunt
1599 921 1611 951 ε
1633 923 1657 949 α
1669 903 1808 971 apud

441 984 738 1031 vetustiores
751 979 1001 1029 incendiis
1016 980 1245 1029 arcendis
1264 982 1520 1031 triumviri
1536 992 1807 1048 praeerant,

442 1061 536 1125 qui
555 1058 621 1107 ab
640 1075 726 1119 eo,
747 1058 888 1125 quod
908 1059 1142 1108 excubias
1157 1059 1403 1126 agebant,
1420 1060 1664 1110 nocturni
1682 1060 1808 1110 dicti

443 1145 582 1184 sunt.
621 1137 1032 1186 Interveniebant
1071 1155 1448 1205 nonnunquam
1482 1148 1532 1187 et
1559 1133 1724 1187 aediles
1758 1147 1810 1186 et

445 1213 645 1264 tribuni
663 1215 840 1282 plebis.
863 1219 978 1265 Erat
994 1217 1165 1265 autem
1191 1215 1460 1283 collegium
1491 1217 1620 1265 circa
1639 1225 1811 1283 portas

442 1301 493 1341 et
510 1309 686 1342 muros
700 1292 1002 1360 dispositum
1015 1331 1030 1355 ,
1052 1294 1215 1355 unde,
1233 1295 1275 1343 si
1292 1311 1423 1362 opus
1439 1304 1564 1344 esset
1577 1330 1592 1355 ,
1609 1292 1813 1343 vocaba-

443 1379 544 1420 tur.
564 1391 588 1417 n
608 1374 681 1420 Ita
695 1371 902 1421 Paulus:
919 1389 1072 1440 quem
1089 1390 1267 1423 verum
1280 1372 1461 1422 dixisse
1472 1410 1486 1434 ‚
1508 1381 1811 1440 argumento

445 1458 543 1509 est,
577 1448 719 1515 quod
737 1450 1018 1498 etiamnum
1032 1488 1046 1511 ,
1078 1449 1171 1499 ubi
1196 1451 1292 1501 tale
1313 1450 1440 1518 quid
1460 1451 1515 1500 in
1538 1449 1666 1498 urbe
1687 1450 1811 1497 acci·

446 1524 523 1573 dit
540 1561 554 1585 ,
592 1527 685 1592 qui
722 1543 783 1575 ex
819 1526 920 1576 illis
955 1538 1245 1595 opportune
1280 1527 1409 1577 forte
1438 1528 1778 1577 inveniuntur
1796 1563 1813 1588 ,

443 1603 611 1668 patrio
632 1606 978 1654 Romanorum
998 1622 1231 1655 sermone
1253 1605 1499 1655 clamant‘:
1521 1621 1699 1655 omnes
1713 1603 1822 1659 col-.

447 1679 617 1748 legiati
637 1679 647 1729 1
670 1681 724 1731 id
741 1693 816 1732 est
831 1720 845 1743 ‚
876 1683 1053 1734 omnes
1071 1683 1257 1752 collegi·
1271 1681 1470 1734 adeste!
1488 1681 1490 1683 ’

517 1758 595 1808 51.
632 1759 738 1809 Sub
757 1760 894 1811 hisce
913 1755 1288 1830 magistratibus
1310 1777 1508 1811 annum
1529 1763 1821 1830 septingen-

447 1838 685 1887 tesimum
711 1849 907 1889 sextum
931 1840 1055 1889 urbs
1080 1839 1325 1906 implevit.
1366 1842 1524 1890 Caesar
1544 1850 1717 1889 autem
1739 1836 1828 1888 rest

445 1931 564 1965 rum
588 1919 819 1983 potitus,
861 1917 1105 1966 omnibus
1135 1916 1393 1983 abrogatis
1414 1917 1828 1994 magistratibum

445 1995 736 2040 universam
749 1995 1152 2054 rempublicam
1139 1996 1355 2053 1mperio
1367 1994 1506 2043 solus
1517 1997 1666 2063 rexit.
1677 1994 1820 2062 quod

389 2069 399 2077 “
446 2083 572 2116 cum
582 2067 869 2115 triennium
889 2066 1160 2126 tenuisset,
1185 2065 1300 2131 ipse
1307 2065 1364 2112 in
1385 2063 1533 2114 curia
1546 2083 1700 2118 caesus
1713 2081 1817 2119 est·
1805 2107 1819 2131 ,

447 2148 605 2195 Caesar
630 2161 752 2195 vero
775 2143 970 2193 deinde
991 2141 1152 2192 factus
1182 2142 1470 2192 adolescens
1493 2148 1678 2195 sororis
1711 2148 1822 2212 ejus

448 2220 588 2273 filius
602 2258 617 2284 ,
651 2231 768 2288 post
782 2237 941 2287 quem
963 2220 1239 2287 imperium
1259 2220 1324 2269 ad
1343 2223 1554 2271 Caesares
1570 2227 1818 2289 pervenit.

501 2352 552 2402 3)
577 2349 678 2392 eod.
700 2349 835 2392 omnis
855 2349 1087 2393 coniciam.

504 2415 554 2467 4)
581 2417 693 2470 Lego
719 2418 798 2457 ἔται
783 2423 870 2471 ἶροι.
886 2414 1008 2457 conf.
1025 2412 1103 2467 1115
1123 2414 1178 2458 30
1189 2442 1205 2468 ‚
1233 2413 1395 2470 ὃταίρων.

506 2480 553 2531 5)
580 2481 693 2536 Lego
713 2484 987 2537 προαχθέντων.
1456 2476 1459 2479 ¹

503 2544 557 2596 6)
580 2545 744 2588 Scilicet
760 2544 936 2605 Augusti
950 2551 1080 2589 mater
1094 2534 1216 2601 Lydo
1230 2551 1289 2588 est
1302 2558 1417 2617 soror
1433 2544 1612 2590 casaris.
1631 2545 1751 2589 Cous.
1766 2562 1820 2600 11,

455 2609 503 2662 3,
521 2610 684 2664 ἀδελφῆς.

1562 2942 1619 2974 12
