2748 3834
704 492 1082 527 amrunmcu
1116 491 1383 525 nonnul:
1419 494 1526 528 mn.
1561 494 1646 528 ιιι.
1763 478 1866 528 213

496 563 934 633 chartophylaces)
959 563 1286 627 dicebantur,
1319 566 1442 632 quia
1465 567 1716 619 scrinium
1742 583 1867 619 can·

497 643 723 693 cellatam
762 645 937 694 cistam
971 643 1189 693 Romani
1221 653 1436 703 vocant3
1478 646 1769 712 mansitque
1804 645 1868 695 iis

494 738 685 771 nomen
714 730 932 772 tantum.
954 724 1129 788 Neque
1150 737 1271 771 vero
1292 720 1475 770 militia
1497 721 1868 789 fungebantur,

498 812 668 866 neque
686 802 1005 868 privatorum
1029 798 1325 849 conditione
1341 810 1676 860 excesserant,
1694 816 1870 866 quem·

493 877 773 928 admodum
786 880 1011 946 antiquae
1023 879 1255 927 matrices
1267 878 1466 929 docent.
1476 876 1869 928 SubTheodosio

494 956 668 1022 primo
703 966 904 1014 autem,
939 974 1060 1006 cum
1094 973 1146 1006 se
1176 957 1453 1025 neglectos,
1474 956 1723 1012 ,officiales
1748 973 1870 1007 vero

495 1042 609 1082 tum
641 1048 720 1081 res
742 1032 1098 1081 administrare
1120 1030 1385 1094 viderent,
1399 1035 1530 1083 datis
1547 1037 1681 1087 inter
1701 1053 1753 1086 se
1778 1051 1868 1084 no-

495 1109 750 1171 minibus,
769 1121 820 1160 et
843 1109 1052 1159 collecto
1076 1110 1132 1158 in
1152 1107 1438 1160 illecebram
1462 1128 1612 1173 auro,
1629 1110 1694 1161 ab
1712 1115 1868 1180 impe-

491 1199 658 1239 ratore
667 1226 683 1250 ,
693 1200 753 1239 ut
763 1188 934 1239 officio
942 1188 1406 1239 adnumerarentur
1413 1226 1428 1252 ,
1437 1191 1730 1257 petiverunt
1743 1211 1754 1238 :
1767 1206 1869 1257 qua

491 1282 548 1315 re
584 1266 851 1334 impetrata
864 1304 878 1329 ,
921 1268 1352 1334 comparatisque,
1390 1284 1519 1335 quas
1556 1267 1870 1335 probatorias

492 1355 706 1403 vocant,
731 1347 789 1390 in
812 1345 1071 1407 adjutores
1091 1342 1169 1407 (id
1196 1352 1299 1404 est,
1322 1344 1534 1406 βοηθοὺς)
1554 1343 1765 1408 quidem
1788 1360 1869 1394 ce.-

495 1421 617 1470 teris
653 1420 846 1486 pariter
883 1420 1110 1486 provecti
1153 1429 1303 1480 sunt;
1346 1417 1702 1486 Augustalium
1749 1438 1872 1472 vero

494 1517 687 1550 nomen
703 1517 891 1568 magno
910 1511 1191 1551 mercantes
1202 1537 1219 1562 ,
1234 1500 1299 1551 ad
1309 1503 1531 1550 Leonem
1548 1515 1712 1567 usque
1727 1502 1872 1567 quasi

494 1582 712 1633 omnino
744 1598 863 1631 non⁴
888 1581 1190 1644 militantes,
1217 1590 1474 1649 quantum
1511 1577 1586 1628 ad‘
1605 1577 1872 1643 officiales,

494 1663 718 1729 reputati
739 1671 876 1711 sunt.
897 1664 1074 1727 Neque
1087 1655 1236 1717 'enim
1261 1661 1408 1709 novit
1428 1675 1521 1708 eos.
1536 1661 1763 1711 Romana
1774 1676 1874 1709 an,
1912 1672 1914 1674 ’

494 1741 705 1807 tiquitas
731 1759 742 1788 ε
763 1739 905 1789 unde
925 1741 1235 1799 etiamnum,
1252 1737 1549 1805 praefectura
1567 1738 1624 1786 in
1645 1735 1883 1788 tribunal,

452 1872 463 1880 .
491 1818 879 1885 progrediente,
916 1829 1054 1869 retro
1079 1817 1368 1867 recedentes
1386 1817 1532 1882 juxta
1556 1824 1889 1882 sequuntur,

491 1895 601 1947 solo
618 1896 793 1947 officio
807 1897 1107 1963 compositis
1119 1893 1434 1983 praefectum
1430 1891 1709 1977 ordinibus
1721 1891 1877 1963 comi-

493 2051 549 2099 in
574 2009 816 2099 columna
838 2061 1094 2112 posuere,
1087 2015 1178 2103 et,
1187 2030 1473 2095 Plaootum
1488 2046 1629 2105 quod
1647 2046 1774 2099 olim
1792 2061 1879 2095 vo-

492 2116 699 2186 cabant,
727 2127 872 2190 juxta
895 2123 1222 2193 horologium
1247 2119 1393 2170 urbis
1408 2156 1422 2181 ‚
1441 2135 1708 2181 ornavere,
1726 2122 1878 2172 sicuti

494 2209 552 2255 in
576 2204 899 2253 documentis
924 2201 1123 2268 publici
1153 2199 1486 2248 instrumenti
1515 2213 1876 2249 commemora-

493 2294 608 2335 tum
645 2283 826 2350 reperi.
866 2285 930 2331 Et
963 2279 1156 2347 effigies
1194 2278 1406 2346 quidem
1440 2287 1615 2327 nostro
1646 2287 1877 2346 tempore

494 2361 790 2412 utilioribus
813 2359 958 2409 urbis
981 2357 1225 2426 operibus
1246 2358 1417 2420 cessit;
1439 2355 1680 2406 columna
1702 2367 1875 2407 autem

496 2450 616 2491 ante
631 2441 859 2502 curiam,
872 2456 986 2506 quae
999 2440 1150 2487 estin
1168 2437 1433 2487 HeB'domo
1447 2473 1462 2498 ‚
1486 2439 1548 2484 ut
1567 2442 1774 2498 vocant,
1788 2454 1875 2504 po-

489 2512 586 2571 sita
598 2558 613 2582 ,
625 2521 810 2588 optimi
824 2519 1142 2588 imperatoris
1157 2517 1319 2567 nostri
1334 2515 1501 2584 effigie
1518 2515 1800 2566 decoratur.

565 2599 646 2648 36.
683 2603 920 2648 Ceterum
952 2599 1335 2648 scriniariorum
1363 2613 1448 2646 res*
1469 2612 1500 2645 a
1529 2597 1747 2645 Zenonis
1776 2597 1870 2644 im·

497 2677 642 2745 perio
661 2686 863 2725 tantum
886 2687 1042 2726 auctae
1063 2687 1211 2737 sunt,
1238 2685 1495 2742 quantum
1522 2672 1682 2722 officii
1706 2674 1873 2722 immi·

500 2764 638 2804 nutae
665 2775 676 2801 z
703 2765 976 2821 postquam
1012 2757 1150 2804 enim
1190 2771 1310 2803 cum
1342 2754 1471 2802 alios
1500 2752 1720 2811 multos,
1758 2761 1869 2799 tum

497 2833 831 2902 Polycarpum
848 2834 902 2883 in
921 2834 1268 2902 praefecturam
1284 2833 1381 2885 sub
1392 2831 1649 2883 Anastasio
1661 2839 1873 2890 traxere„
