2748 3834
955 477 1083 540 lxxij
1367 489 1880 523 COMMENTAssms

952 587 1193 648 impresso
1213 584 1346 632 Part.
1373 583 1428 628 II
1454 598 1558 643 pag.
1579 582 1675 628 550
1694 581 1960 628 undecimo
1975 582 2157 628 saeculo
2172 580 2291 628 assi-

948 679 1129 734 gnatur
1156 690 1164 714 ε
1191 669 1276 716 sed
1299 684 1572 730 perperam·
1597 667 1784 714 Leonis
1806 675 1975 715 autem
2002 666 2296 731 philosophi

948 757 1233 820 principatu
1256 756 1394 804 velut
1422 755 1507 803 liic
1535 755 1787 818 multique
1807 756 1892 804 alii
1921 794 1934 818 ‚
1974 757 2045 805 sic
2085 755 2296 804 fortasse

949 845 1096 892 etiam
1121 845 1414 893 Caseolinus
1441 844 1658 907 scriptus
1683 844 1846 893 codex
1873 852 1959 893 est.
1985 846 2047 894 In
2068 863 2171 909 quo
2194 843 2320 894 duo

948 933 1267 996 potissimum
1288 932 1576 996 singularia.
1621 931 1855 982 Alterum
1875 970 1887 993 ,
1920 952 2037 983 cum
2068 933 2299 998 plerique

949 1019 1100 1083 hujus
1123 1024 1280 1071 aetatis
1297 1021 1439 1071 codd.
1463 1021 1592 1069 binis
1615 1022 1865 1072 columnis
1890 1024 2066 1087 scripti
2085 1023 2186 1070 sint
2208 1058 2221 1082 ‚
2246 1021 2302 1069 in

948 1117 1122 1157 nostro
1147 1127 1250 1159 uno
1270 1119 1444 1159 tenore
1468 1110 1623 1158 lineas
1639 1110 1749 1175 legi.
1771 1112 2027 1169 Alterum,
2055 1128 2146 1176 pro
2175 1117 2301 1158 tem-

947 1215 1068 1260 pore
1085 1199 1175 1247 illo
1191 1201 1378 1249 Leonis
1401 1200 1715 1265 philosophi,
1746 1202 2043 1250 scholastico
2066 1217 2183 1249 sane
2216 1216 2300 1247 co-

948 1285 1220 1350 dicumque
1247 1288 1712 1350 conficientissimo‚
1746 1290 1964 1355 insignes
1997 1307 2101 1338 esse
2124 1289 2179 1336 in
2201 1287 2292 1334 illo

950 1391 1066 1422 cum
1102 1377 1363 1427 Itacismos
1384 1416 1396 1440 ,
1436 1387 1543 1427 tum
1577 1376 1847 1427 aliusmodi
1872 1396 2080 1427 errores.
2125 1377 2297 1439 Atque

947 1479 1051 1510 non
1073 1465 1266 1529 ignoro,
1289 1469 1493 1516 Graecos
1517 1465 1728 1531 Syllano
1750 1475 1975 1530 tempore
1997 1487 2014 1512 ε
2034 1473 2084 1514 et
2100 1485 2159 1526 αι,
2177 1466 2301 1511 item

950 1571 962 1596 ι
982 1559 1030 1599 et
1048 1573 1106 1615 ει,
1131 1555 1182 1603 in
1199 1574 1432 1606 sermone
1453 1572 1626 1620 pressu
1644 1557 1745 1604 oris
1761 1563 1809 1603 et
1830 1572 1956 1603 sono
1977 1555 2105 1618 aegre
2128 1551 2303 1600 distin-

947 1640 1109 1705 xisse,
1146 1645 1176 1691 J
1180 1647 1461 1698 ustinianeo
1485 1662 1549 1692 ne
1570 1643 1805 1707 equidem
1825 1651 1874 1691 et
1891 1658 1928 1697 η·
1952 1642 2004 1690 id
2037 1640 2186 1690 credo
2215 1641 2304 1688 ob-

948 1745 1152 1779 scurum
1167 1750 1271 1782 non
1293 1752 1398 1782 esse
1416 1751 1482 1782 ex
1497 1740 1761 1781 auctorum
1779 1732 2081 1780 testimoniis
2094 1769 2107 1792 ,
2125 1748 2192 1779 ex
2212 1747 2306 1777 nu-

948 1818 1071 1880 mis,
1119 1837 1182 1866 ex
1208 1821 1650 1883 inscriptionibus,
1686 1840 1713 1868 e
1737 1820 2043 1869 membreinis
2063 1826 2304 1882 pervetu-

949 1905 1037 1952 stis
1060 1906 1649 1968 innumerabilibUS.Ego
1669 1916 1801 1954 certe
1823 1907 2027 1954 nullum
2049 1906 2159 1954 vidi
2179 1923 2304 1969 grae-

951 2010 1067 2040 cum
1104 1993 1326 2041 codicem
1345 2030 1358 2054 ‚
1407 2012 1524 2042 cum
1562 1995 1749 2042 multos
1789 1994 2038 2042 tractarim
2055 2032 2068 2056 ‚
2116 2000 2303 2059 eosque

949 2082 1250 2129 veterrimos
1291 2099 1396 2130 saec.
1418 2097 1477 2128 VI
1505 2089 1554 2129 et
1589 2097 1668 2130 vn
1686 2119 1699 2144 ,
1739 2081 1867 2145 quin
1891 2082 1962 2129 ibi
1997 2081 2303 2131 offenderem

950 2166 1195 2228 quosdam
1219 2169 1495 2215 Itacismos.
1520 2170 1623 2216 Tot
1647 2177 1815 2218 autem
1836 2204 1850 2229 ,
1887 2177 2013 2232 quot
2033 2170 2086 2216 in
2118 2170 2302 2219 Codice

949 2253 1212 2301 Caseolino
1229 2292 1242 2315 ,
1274 2255 1331 2302 in
1349 2255 1497 2302 nullo
1514 2256 1754 2317 memini,
1792 2255 1945 2320 hujus
1967 2264 2099 2305 certe
2128 2259 2312 2313 aetatis„

949 2341 1083 2389 Nam
1116 2340 1505 2391 confunduntur
1532 2361 1636 2392 non
1672 2343 1826 2393 modo
1848 2365 1861 2390 ι
1891 2352 1940 2393 et
1968 2365 2029 2407 ει,
2068 2366 2079 2392 ι
2112 2354 2161 2394 et
2191 2368 2242 2408 η,
2277 2369 2300 2402 η

950 2437 997 2476 et
1020 2444 1065 2476 ει·
1087 2430 1252 2477 item&
1271 2437 1392 2493 etv,
1431 2451 1448 2477 ε
1468 2440 1516 2479 et
1544 2453 1608 2494 αι,
1635 2453 1654 2478 ο
1675 2441 1724 2480 et
1757 2454 1811 2494 ω,
1848 2453 1869 2482 υ
1891 2441 1939 2481 et
1962 2449 2010 2479 οι·
2045 2451 2158 2497 quae
2181 2444 2303 2484 sunt

949 2517 1130 2566 menda
1163 2518 1391 2582 vulgaria
1413 2537 1422 2569 :
1445 2519 1531 2568 sed
1554 2521 1811 2572 interdum
1837 2522 2014 2584 etiam,
2052 2523 2191 2586 quod
2212 2542 2298 2578 ra-

947 2608 1052 2655 rius
1083 2605 1192 2656 vidi
1212 2607 1268 2656 in
1290 2607 1444 2656 codd.
1470 2617 1584 2657 ante
1605 2618 1832 2674 tempora
1857 2611 2230 2674 Comneniana,
2275 2634 2299 2662 υ

948 2704 1096 2759 atque
1117 2716 1173 2758 οι,
1204 2713 1319 2745 cum
1342 2717 1374 2759 ι,
1399 2718 1430 2743 ει
1446 2706 1594 2761 atque
1617 2713 1656 2752 η·
1680 2699 1783 2747 imo
1798 2737 1811 2760 ‚
1831 2699 1970 2764 quod
1985 2700 2300 2751 rarissimum

948 2786 1094 2836 estin
1112 2784 1271 2837 Codd.
1289 2787 1554 2852 cujuslibet
1579 2789 1756 2854 vetatis,
1798 2811 1822 2837 σ
1837 2799 1886 2838 et
1908 2795 1953 2837 δ’·
1974 2791 2097 2839 item
2118 2812 2162 2838 ου
2184 2800 2232 2840 et
2254 2813 2299 2841 ω.

2032 2880 2302 2935 XXXIV.
