2748 3834
625 502 993 535 nnrpunucuz
1026 505 1298 535 nonnul:
1332 505 1438 536 ιη.
1475 506 1533 536 11.
1666 506 1751 540 101

398 561 613 611 formam
649 563 801 610 literae
834 580 1030 628 gamma
1050 565 1275 612 tunicam
1297 581 1422 612 auro
1451 565 1762 632 distinguen-

402 640 539 688 tibus
573 659 583 687 :
613 642 667 688 in
694 651 871 689 senatu
899 640 1192 707 chlamyde,
1224 658 1508 708 purpurea,
1546 642 1762 708 (quidni

401 719 535 766 enim
555 717 612 783 Ρ)
640 720 693 767 in
718 724 821 768 imo
851 730 1020 768 autem
1039 719 1101 767 ad
1119 709 1593 786 pedes‘pertinentis
1616 719 1763 772 limbi
1812 743 1822 753 ·

401 794 579 861 figuris
598 797 1113 864 quadi-angularibus,
1125 801 1405 864 (segmenta
1425 815 1504 847 eas
1519 798 1696 858 aulici,
1711 797 1764 848 id

401 884 475 921 est
491 910 504 934 ‚
524 874 687 943 clavos
708 893 886 925 aureos
901 913 914 934 ,
929 886 1110 924 vocant
1128 894 1142 935 ;
1167 875 1351 942 vulgus
1367 886 1535 926 autem
1553 913 1567 937 ‚
1590 877 1644 925 in
1663 878 1765 943 pri·

400 961 632 1001 vatorum
659 953 1032 1019 chlamydibus,
1065 955 1315 1018 sementa)
1354 964 1455 1004 tota
1483 956 1602 1003 ver'o
1637 971 1764 1003 auro

348 1091 355 1098 .
399 1040 574 1078 ornata
588 1067 610 1090 ,
624 1029 920 1078 bracteolata
938 1066 951 1088 ‚
976 1040 1222 1095 gemmata
1243 1067 1257 1089 ,
1275 1031 1546 1080 lanceolata
1560 1031 1652 1091 ,tid
1665 1042 1762 1092 est,

397 1108 563 1153 aureis
586 1105 719 1155 foliis
736 1144 748 1166 ‚
773 1108 984 1172 gemmis
1001 1144 1014 1167 ,
1035 1107 1262 1156 lanciolis
1284 1108 1518 1158 distincta
1537 1127 1550 1169 ;
1570 1119 1618 1158 et
1637 1120 1761 1158 eete-

399 1182 469 1230 ris
493 1184 809 1250 principatus
840 1185 1156 1250 insignibus:
1190 1186 1252 1234 de
1288 1186 1478 1253 quibus
1511 1186 1765 1236 subtiliter

399 1259 646 1325 explicare
680 1278 1106 1329 supervacaneum
1139 1265 1460 1325 existimans,
1495 1266 1660 1331 operis
1685 1282 1763 1314 or·

399 1338 520 1388 dine
551 1340 735 1391 ductus
755 1380 768 1404 ,
808 1343 871 1391 ad
901 1345 1129 1410 primum
1156 1344 1416 1411 quondam
1452 1345 1585 1394 inter
1609 1344 1763 1410 magi-

399 1428 582 1471 stratus
602 1422 840 1490 deinceps
866 1424 1210 1473 enarrandum
1238 1435 1458 1475 transeo·-

617 1567 690 1599 DE
723 1567 1165 1601 PRAEFECTURA
1199 1568 1545 1626 PRAETORJI.

469 1678 728 1728 5.111ustre
752 1679 911 1745 hujus
945 1682 1294 1747 magistratus,
1323 1680 1417 1730 soli
1453 1691 1649 1747 sceptro
1687 1698 1761 1729 ce·
1815 1704 1817 1706 ·

398 1755 564 1805 dentis
579 1794 593 1817 ,
618 1759 696 1807 vel
721 1775 780 1807 ex
809 1761 916 1825 ipsa
945 1759 1156 1825 obscura
1182 1758 1364 1821 umbra
1386 1796 1399 1819 ,
1423 1776 1576 1825 quam
1603 1776 1759 1808 unam
1783 1756 1786 1761 ’

398 1851 540 1883 nunc
565 1839 780 1886 retinere
803 1837 1030 1896 videtur,
1053 1835 1426 1884 sufficientibus
1446 1837 1648 1886 indiciis
1666 1837 1763 1886 col-

396 1911 519 1978 ligas
541 1933 551 1961 :
572 1915 735 1964 solent
761 1916 955 1981 quippe
972 1913 1347 1962 excelsa-rerum
1364 1913 1444 1962 vel
1463 1931 1524 1961 ex
1542 1915 1651 1980 ipsa
1671 1915 1763 1961 im·—

396 1991 688 2038 minutione
722 1991 953 2050 intelligi.
999 1993 1181 2055 Magna
1207 2000 1378 2038 autem
1411 1991 1654 2055 temporis
1687 1991 1764 2038 vis

395 2060 729 2113 consumendi
756 2078 814 2109 ac
837 2059 1137 2124 subigendi,
1176 2060 1307 2124 quae⁷
1321 2075 1493 2107 ortum
1527 2060 1680 2114 simul
1712 2077 1764 2115 et

395 2142 664 2190 interitum
693 2141 882 2188 sortita.
914 2141 1105 2187 Verum
1141 2153 1196 2184 ea
1226 2147 1298 2184 est
1329 2139 1645 2203 imperatoris
1662 2141 1762 2187 vir-

397 2229 480 2267 tus
504 2257 518 2278 ,
561 2229 622 2266 ut
660 2233 854 2266 novum
898 2226 1070 2264 ortum
1114 2231 1207 2280 per
1241 2231 1359 2263 eum
1391 2217 1761 2282 antehextincta

395 2295 695 2360 exspectent.

461 2372 508 2420 6.
530 2375 659 2420 Cum
686 2372 872 2438 igitur,
900 2380 960 2434 ut
983 2387 1135 2438 supra
1153 2370 1287 2430 dixi,
1302 2369 1585 2419 adeaesaris
1603 2372 1758 2438 primi

393 2450 739 2516 principatum
775 2466 938 2515 usque
961 2451 1280 2515 magistratus
1306 2449 1634 2514 prodiissent;
1653 2451 1759 2515 ipse

395 2528 577 2575 comite
592 2526 796 2576 fortuna
812 2544 983 2575 rerum
1003 2529 1196 2593 potitus
1207 2564 1220 2587 ‚
1235 2536 1387 2575 totam
1406 2529 1622 2575 mutavit
1638 2543 1760 2575 rem-

395 2601 651 2667 publicam
671 2641 684 2662 ,
704 2604 999 2653 consulibus
1016 2605 1225 2670 quidem
1248 2604 1326 2657 nil*
1344 2614 1522 2671 praeter
1543 2621 1731 2653 nomen
1745 2641 1758 2663 ,

398 2681 638 2743 temporis
661 2681 898 2731 videlicet
929 2683 1188 2731 indicandi
1225 2684 1407 2748 gratia,
1434 2683 1728 2749 relinquens
1745 2720 1759 2742 ,

401 2758 568 2822 copias
600 2774 718 2806 vero
741 2762 996 2810 universas
1018 2762 1114 2810 sibi
1150 2761 1453 2826 subjiciens:
1483 2762 1622 2809 unde
1654 2778 1761 2809 suc-

401 2850 613 2882 cessores
631 2835 672 2898 ej
681 2851 738 2882 us
756 2836 834 2884 vel
857 2855 947 2902 per
979 2855 1081 2886 sese
1099 2875 1114 2898 ,
1134 2838 1244 2897 vel,
1281 2841 1323 2885 si
1342 2838 1469 2886 forte
1494 2839 1759 2894 mollitiem
